2452 3824
159 221 202 286 10
557 219 772 276 enarrarre.

157 384 231 448 vide
254 384 344 448 illius
367 383 587 448 temeritatem
612 380 856 467 ‘Subactarius',
884 405 967 467 quae
990 406 1053 448 vox
1076 386 1175 451 semel

157 475 287 537 tantum
310 473 345 536 in
367 471 580 555 inscriptione
603 471 688 554 apud
712 470 839 536 Gruter.
863 472 937 555 648,
959 472 978 537 8
1002 473 1176 558 invenitur,

159 582 222 644 quo
247 582 286 624 ex
308 561 389 644 loco,
417 560 494 645 quid
518 559 764 644 significaverit,
793 559 927 624 minime
955 561 1096 643 perspici
1119 584 1175 645 po·

157 653 233 732 test,
263 648 418 714 audacter
440 649 475 713 in
497 651 624 712 textum
647 649 779 732 recepit.
824 647 908 712 Mihi
932 648 1060 732 quidem
1084 650 1175 715 locus

157 737 351 802 insanabilis
383 736 567 816 videbatur,
604 737 705 802 donec
737 737 772 801 in
800 735 940 820 Vegetio
973 738 1008 801 in
1040 739 1176 803 verbum

157 826 422 908 supernumerarii
455 826 584 908 saepius
616 825 792 908 repetitum
819 825 952 889 incurri.
997 823 1175 911 Quinquies

157 914 215 978 illo
238 913 396 998 Vegetius
419 914 535 978 utitur:
566 912 780 996 111,18bis.
813 912 876 998 ΠΙ,
899 914 943 978 20
966 914 1026 979 bis.
1057 914 1104 998 ΙΙ,
1125 916 1176 998 19,

158 1025 253 1086 quem
272 1003 379 1067 locum
398 1002 593 1067 exscribam:
619 1001 758 1066 ‘accensi
779 1001 843 1066 hoc
863 1004 915 1065 est
931 1006 1046 1086 postea
1065 1003 1176 1088 additi,

158 1113 256 1174 quam
278 1091 396 1155 fuisset
418 1091 505 1174 legio
526 1091 703 1175 completa,
726 1111 807 1174 quos
826 1112 911 1154 nunc
930 1111 1176 1173 supernumera-

157 1178 224 1243 rios
247 1177 386 1244 vooant'.
432 1177 606 1263 Confiteor,
629 1179 769 1252 multum
792 1179 827 1242 in
845 1176 977 1262 Vegetii
1000 1178 1108 1243 verbis
1133 1179 1174 1242 ad

156 1268 425 1351 perspicuitatem
449 1266 639 1351 desiderari,
662 1267 718 1332 sed
740 1288 835 1331 nemo
856 1287 923 1330 non
940 1265 1042 1349 videt,
1064 1288 1175 1349 super·

156 1356 359 1420 numerarios
386 1359 514 1439 partem
536 1356 699 1440 quandam
726 1355 858 1420 illorum
881 1357 1066 1437 temporum
1089 1377 1176 1420 exer·

159 1445 242 1509 citus
266 1444 376 1508 fuisse.
421 1443 467 1508 Et
488 1443 641 1529 Hyginus
669 1465 736 1508 non
763 1445 812 1508 ita
838 1443 978 1506 multum
1003 1464 1022 1506 a
1044 1441 1176 1527 Vegetii

158 1536 265 1597 aetate
297 1532 399 1597 distat
430 1532 469 1596 cf.
497 1555 528 1615 p.
556 1533 586 1597 3.
644 1530 816 1597 Eiusmodi
842 1529 1023 1610 notionem,
1068 1532 1175 1614 qualis

157 1621 254 1686 verbo
277 1623 542 1703 supernumerarii
564 1622 659 1704 inest,
680 1641 747 1684 non
770 1619 909 1684 alienam
934 1640 1004 1683 esse
1027 1641 1047 1683 a
1069 1619 1176 1686 tribus

157 1707 283 1794 Hygini
306 1710 403 1793 locis,
431 1731 511 1794 quos
536 1731 635 1793 supra
663 1706 862 1789 enumeravi,
893 1707 1048 1771 concedes
1071 1730 1176 1792 neque

157 1797 326 1863 Aroeriani
357 1799 488 1864 litterae
515 1799 614 1862 nimis
641 1799 836 1880 repugnant.
880 1794 944 1860 Pro
967 1800 1003 1859 ut
1025 1794 1084 1881 (A)
1108 1818 1176 1861 cor·

157 1887 227 1950 rexi
248 1887 303 1951 ubi
325 1891 366 1969 ct,
390 1887 476 1970 quod
494 1886 623 1951 facilius
641 1885 813 1950 videbatur
831 1905 929 1967 quam
947 1883 1066 1949 inicere
1085 1905 1177 1967 super

159 1971 309 2058 (Lange),
332 1976 503 2056 praeterea
525 1973 611 2038 idem
630 1973 777 2054 efficitur,
800 1994 900 2055 quum
919 1972 1069 2038 cohortes
1089 1975 1176 2058 equi-

156 2064 246 2125 tatae
279 2065 312 2125 et
344 2061 510 2144 peditatae
542 2061 584 2125 ad
615 2062 704 2126 viam
736 2060 928 2144 quintanam
961 2064 1107 2144 spectent
1143 2066 1176 2126 et

158 2149 448 2234 supernumerariis
476 2150 694 2234 gentibusque
719 2148 804 2214 nihil
825 2147 1029 2232 relinquatur
1050 2151 1116 2215 nisi
1138 2156 1176 2215 ut

157 2238 307 2304 adriam
331 2238 516 2320 sagularem
539 2241 693 2321 spectent

55 2394 59 2401 ,
248 2350 274 2392 c.
293 2328 346 2392 20.
386 2325 515 2393 Sciratae
548 2326 717 2392 aebutium
742 2326 924 2408 principiis,
960 2327 1014 2392 nbi
1045 2348 1177 2392 munera

158 2416 311 2499 lapionrau
333 2417 486 2500 dicuntur,
508 2417 545 2481 in
567 2436 691 2481 scamno
714 2415 882 2498 upauruu
907 2421 1013 2480 cantra
1035 2416 1176 2498 aquilam

157 2504 373 2586 deridebant]
396 2502 436 2568 In
458 2504 490 2568 A
513 2504 634 2590 legitur
653 2504 773 2570 seboim
794 2504 925 2570 anonis
940 2505 1066 2588 primis,
1090 2505 1176 2588 quod

157 2592 270 2677 Lange
293 2593 342 2658 ita
365 2593 551 2658 emendavit
572 2593 691 2659 seboin
717 2592 888 2658 connisus
905 2590 1176 2673 pannonius

158 2682 332 2767 explicatio
355 2705 387 2766 p.
408 2683 472 2748 170
496 2682 594 2766 digna
617 2686 676 2765 est,
699 2702 781 2765 quae
799 2681 940 2762 legatur:
965 2679 1105 2745 ‘dativus
1125 2702 1177 2745 co·

157 2769 308 2836 hortibus
327 2770 441 2854 primis
460 2770 580 2854 pendet
599 2793 618 2834 a
635 2771 767 2834 notione
782 2766 974 2848 contrariae,
992 2789 1074 2850 quae
1088 2771 1176 2834 inest

157 2860 192 2924 in
219 2860 327 2925 verbis
359 2863 475 2923 contra
508 2857 671 2941 aquilam'.
728 2855 807 2921 Non
832 2855 934 2939 igitur
961 2856 1065 2921 sensit
1093 2880 1123 2921 v.
1146 2858 1177 2925 d.

157 2947 218 3011 tali
242 2946 457 3030 explicatione
479 2946 647 3011 notionem
662 2942 867 3010 ‘contrariae'
890 2942 941 3007 bis
964 2948 1077 3010 nostro
1101 2946 1175 3011 loeo

158 3034 329 3118 vindicari,
358 3035 500 3118 primum
527 3033 635 3098 verbis
663 3032 863 3098 ‘cohortibus
890 3031 1026 3116 primis’‚
1062 3033 1176 3099 deinde

158 3123 284 3188 ‘eontra
312 3122 478 3207 aquilam'.
527 3121 663 3187 Maioris
692 3119 852 3187 momenti
884 3123 946 3205 est,
979 3121 1065 3206 quod
1092 3143 1176 3205 quae

156 3212 269 3298 Lange
291 3213 452 3296 postulat,
478 3212 550 3295 ipse
572 3233 638 3276 non
660 3213 770 3294 potest
794 3209 929 3274 efficere.
974 3209 1044 3274 Iam
1066 3209 1101 3274 in
1125 3232 1176 3274 aa·

159 3302 235 3367 stris
254 3302 356 3366 trium
374 3301 541 3386 legionum
559 3321 625 3364 non
642 3301 754 3382 potest
769 3298 850 3381 fieri,
872 3301 909 3361 ut
928 3298 1058 3363 scholae
1078 3299 1176 3362 simul

133 3390 267 3476 pannis
289 3389 485 3454 cohortibus
510 3388 692 3454 contrariae
719 3390 752 3452 et
777 3388 814 3452 in
836 3407 969 3451 scamno
992 3387 1176 3472 legatorum

116 3471 206 3543 md,
242 3493 328 3535 nam
362 3478 486 3542 tertiae
519 3476 666 3564 legionis
697 3476 807 3565 prima
832 3474 950 3542 cohors
978 3474 1021 3538 ad
1046 3478 1176 3558 portam
