2452 3824
446 224 451 230 “
497 227 716 284 PRAEFATIO.
1076 228 1120 294 15

850 352 868 383 0

99 412 176 457 rens
209 393 250 457 ad
281 392 424 476 priorem
452 390 582 475 ‘puncto
611 373 736 455 madiae
758 389 894 474 portae'.
942 390 1030 466 Quae
1056 391 1121 464 hoc

101 481 174 545 loco
197 480 352 566 Hyginus
375 480 540 563 describit,
567 501 700 563 prorsus
728 500 795 543 non
822 479 984 544 intellexit
1006 478 1119 565 Lange

101 567 142 634 cf.
165 589 197 650 p.
216 569 358 635 acu-9.
398 568 498 634 Putat
520 567 578 632 ille
601 567 695 652 ‘quae
717 589 803 631 nunc
824 572 939 632 narrat
956 566 1120 653 Hyginus,

101 657 234 723 illorum
257 679 391 742 operum
410 656 467 740 (sc.
485 654 589 742 tituli)
612 655 845 720 accuratiorem
867 655 1120 740 descriptionem

103 743 276 813 exhibere'.
321 744 383 811 Sed
406 745 595 810 omittamus
622 744 717 808 illum
746 747 779 808 et
802 742 927 829 Hygini
948 745 1049 810 rerba
1070 746 1118 809 in-

102 833 286 917 spiciamus.
322 833 483 917 Apertum
503 835 565 915 est,
589 832 781 916 scriptorem
799 854 859 898 nos
875 833 1021 916 edocere,
1040 852 1118 918 quo-

103 924 199 990 modo
222 927 337 1007 portae
360 921 485 1009 optimc
508 921 728 987 obstruantur.
758 920 842 986 Eam
862 921 1120 987 obstructioncm

103 1013 267 1167 pppabao
286 1009 749 1164 {attitulasti
774 1009 1120 1164 wdallullalui?

102 1151 252 1254 struitur:
276 1187 451 1252 circinatur
469 1207 508 1250 ex
525 1187 613 1251 linca
629 1185 784 1251 interiore
802 1185 882 1250 valli
902 1185 1034 1270 ‘puncto
1053 1209 1119 1251 me·

103 1278 175 1343 diae
202 1279 317 1361 portae
348 1274 502 1358 adaperto
530 1273 650 1339 circino
679 1274 721 1339 ad
748 1273 910 1339 cardinem
937 1274 1062 1357 portae'
1085 1274 1120 1339 id

103 1368 154 1430 est
177 1387 216 1429 cx
239 1385 278 1429 eo
301 1366 422 1447 puncto
445 1363 610 1428 interioris
637 1362 742 1427 lineae
765 1361 858 1445 valli,
881 1362 968 1447 quod
995 1363 1120 1428 mediae

101 1457 231 1538 portae,
266 1473 364 1536 quam
401 1452 486 1516 inter
523 1450 711 1515 interiorem
744 1455 777 1516 et
810 1450 1004 1516 exteriorem
1039 1452 1120 1517 valli

100 1543 222 1606 lineam
239 1541 364 1624 cogites
383 1538 531 1623 mediam,
545 1540 744 1605 contrarium
759 1542 817 1605 cst.
840 1537 989 1605 Circinus
1003 1540 1120 1624 adape-

102 1630 187 1694 ritur
210 1629 251 1692 ad
274 1628 439 1694 cardinem
461 1631 575 1710 portae
598 1632 631 1691 et
655 1628 875 1692 semicirculus
894 1650 933 1692 ex
951 1628 1055 1693 altero
1079 1628 1120 1693 ad

103 1718 243 1782 alterum
260 1721 375 1800 portae
393 1716 556 1781 cardinem
574 1715 721 1780 efficitur.
757 1714 831 1799 Via,
850 1737 914 1798 qua
931 1717 985 1780 via
1004 1717 1120 1799 princi-

101 1805 187 1889 palis
207 1810 264 1871 aut
281 1805 444 1889 praetoria
462 1804 679 1886 continuatur,
691 1807 786 1868 vacat
801 1825 821 1867 a
840 1804 969 1869 circino.
997 1803 1121 1888 ‘Linea

102 1915 185 1978 quae
208 1898 320 1959 cantro
345 1891 474 1958 serviet'
498 1896 548 1956 est
571 1914 610 1956 ea
627 1913 703 1976 pars
721 1892 827 1957 lineae
846 1891 1012 1957 interioris
1030 1893 1121 1977 valli,

102 2001 184 2065 quae
206 1985 320 2066 portae
343 1981 495 2066 opposita
513 1984 573 2065 est,
595 1980 722 2065 inqua,
744 1984 782 2046 ut
801 2002 899 2065 supra
917 1981 1119 2047 demonstra-

102 2068 221 2154 vimus,
252 2073 398 2135 centrum
426 2069 539 2135 circuli
569 2069 668 2134 situm
692 2073 751 2134 cst.
795 2067 847 2134 Hx
870 2070 983 2135 eodem
1007 2074 1119 2136 centro

103 2158 188 2223 alter
206 2156 344 2224 circulus
364 2157 505 2222 afficitur
524 2157 650 2222 adiecta
668 2158 841 2223 latitudine
855 2159 941 2222 valli.
971 2157 1120 2242 Utraque

101 2247 190 2311 linea
211 2246 332 2312 desinit
355 2246 390 2311 in
412 2246 549 2329 vallum,
573 2246 659 2330 quod
678 2267 794 2311 curvae
818 2246 895 2309 illae
917 2245 1021 2309 lineae
1045 2267 1122 2311 con·

101 2336 240 2400 tinuant
285 2334 359 2400 Tali
386 2335 482 2399 modo
506 2338 579 2399 tota
607 2336 704 2416 porta
727 2333 853 2398 munita
876 2336 940 2413 est,
972 2333 1044 2398 sola
1066 2335 1122 2399 ria

100 2423 205 2488 libera
242 2445 262 2488 a
297 2423 478 2488 munitione
518 2422 633 2486 relicta
670 2426 728 2486 est.
788 2418 940 2485 Ceterum
977 2420 1120 2507 effigiem

100 2510 197 2575 huius
220 2510 411 2595 claviculae,
444 2511 574 2595 qualem
602 2532 641 2574 ex
664 2506 789 2594 Hygini
803 2506 926 2575 'verbis
955 2511 1122 2594 constitui,

99 2599 200 2682 paulo
235 2598 397 2664 &versam
432 2599 518 2682 apud
544 2596 748 2683 Daremberg
780 2602 813 2662 et
841 2595 954 2683 Saglio
983 2598 1120 2665 diction·

100 2687 192 2751 naire
224 2688 280 2752 des
313 2687 490 2770 antiquitis
518 2684 674 2773 grecqu'es
707 2689 740 2749 et
772 2685 934 2750 romaines
964 2685 1120 2752 invenies.

101 2774 157 2839 Illi
180 2775 371 2841 claviculam
397 2776 560 2840 introrsus
587 2777 769 2857 verterunt,
799 2774 835 2838 in
865 2773 949 2839 hanc
979 2773 1120 2839 formam

393 2905 537 2965 mauman,
561 2902 622 2966 ego
644 2881 679 2944 in
698 2881 890 2945 exteriorem
908 2884 1049 2966 partem,
1072 2881 1122 2946 ita

102 3031 171 3097 fere
197 3003 456 3108 mamacafflfflQ
479 3037 613 3089 uuum-*uun

192 3161 218 3204 c.
237 3139 290 3205 57.
325 3161 397 3206 acce
426 3142 506 3223 forte
536 3145 649 3225 colla]
691 3141 796 3208 Malui
831 3141 1001 3210 Arccriani
1034 3144 1121 3225 fossa

101 3228 196 3294 colica
222 3228 272 3293 ita
294 3230 456 3314 corrigere
484 3255 583 3317 quam
607 3254 679 3297 cum
702 3230 828 3316 Langia
857 3233 998 3297 scribere
1018 3232 1122 3313 fossae

100 3322 159 3381 aut
178 3318 281 3397 valles,
305 3319 470 3404 quianon
493 3321 663 3387 credebam
687 3320 757 3384 fieri
780 3341 890 3404 possa,
917 3325 955 3385 ut
976 3341 1035 3404 per
1056 3319 1122 3386 fos·

102 3427 155 3470 sas
179 3407 339 3473 exercitus
363 3412 421 3474 aut
443 3410 603 3475 exercitus
622 3431 708 3493 pars,
732 3412 854 3493 quanta
874 3409 1031 3493 perniciei
1049 3430 1122 3474 esse

99 3499 225 3576 posset,
248 3518 390 3581 unquam
414 3499 590 3584 obreperet
611 3497 745 3564 castris.

144 3605 266 3661 Gemoll,
286 3611 406 3663 Hyginus.
979 3597 1006 3641 Ἶ·
