2452 3824
91 195 135 264 36
508 197 641 253 uranu

180 359 233 425 51.
266 356 396 425 (larvali
426 361 534 426 trrrnci
564 361 696 426 ramosi.
746 358 799 425 Ad
829 359 890 426 hos
920 360 1112 447 decurritur,

92 447 121 512 si
144 447 218 512 soli
229 451 348 515 natura
369 448 472 515 nimia
493 449 666 514 teneritate
687 470 799 532 cespes
821 448 985 535 frangitur
1006 471 1111 536 neque

91 535 200 619 lapide
227 536 342 603 mobili
369 537 432 602 nisi
460 537 690 623 confragosum
717 537 840 603 vallum
867 538 973 603 extrui
1000 542 1111 622 potest

91 645 151 691 neo
174 625 370 710 fossafisri,
392 629 519 692 utnon
541 626 633 710 ripae
656 626 816 691 decidant

13 745 79 816 351,
181 713 234 779 52.
267 677 423 790 Quotiens
447 715 568 780 cervoli
586 714 704 780 desunt
689 718 756 781 tet
773 717 823 779 est
843 715 934 780 locus
954 711 960 800 Ι
981 737 1112 800 suspec-

65 784 166 887 sstior,
194 823 359 870 armorum
386 803 551 870 ordinibus
578 802 646 869 IIII
673 807 781 869 castra
804 802 969 887 muniunt,
991 807 1029 868 ut
1052 827 1112 888 per

92 890 239 976 singulos
263 890 392 958 ordines
416 891 563 995 vigiliae
571 891 714 957 crebrius
731 894 910 975 ponantur3
934 852 969 956 ιι
985 892 1110 977 equites

92 978 219 1045 alterna
240 979 311 1045 vioe
335 984 443 1046 castra
465 980 600 1045 circuire
623 979 751 1047 debent
794 976 886 1044 siin
906 982 1035 1065 pacato,
1060 1003 1111 1046 so·

91 1067 256 1132 lummcdo
279 1069 420 1134 tuendae
449 1067 639 1153 disciplinae
666 1089 765 1133 causa
794 1090 877 1133 unus
901 1068 981 1134 ordo
1005 1091 1110 1136 armo-

51 1173 78 1213 ιο
91 1177 166 1220 rum
190 1155 380 1242 sufficit,t
347 1160 380 1222 et
403 1157 535 1241 vigiliae
557 1156 662 1223 rarius
686 1157 937 1222 constituuntur.

181 1243 235 1310 53.
255 1244 442 1331 Aggeribus
466 1247 575 1312 autem
597 1245 645 1311 ita
667 1245 706 1310 fit
728 1245 864 1347 vallum,
893 1245 920 1308 si
943 1245 1033 1310 locus
1057 1267 1110 1329 pe-

91 1333 200 1398 trosus
231 1336 289 1399 aut
316 1355 470 1400 arenosus
498 1333 610 1417 fuerit,
646 1334 733 1418 quod
762 1333 831 1404 sine
858 1333 957 1399 dubio
991 1353 1110 1420 aggere

91 1418 179 1499 facto
203 1422 419 1487 munitionem
441 1425 512 1488 cast
512 1423 559 1487 ris
581 1423 724 1505 praebet.

181 1507 234 1575 54.
264 1509 414 1595 Angelos
451 1514 633 1575 castrorum
669 1509 819 1575 circinari
852 1511 997 1594 oportet,
1034 1509 1111 1594 quia

52 1613 77 1654 1⁵
92 1617 189 1662 coxas
222 1596 368 1662 efficiunt
395 1598 605 1664 instabiliunt
606 1619 667 1683 que
699 1619 781 1682 opus
811 1598 1111 1683 propugnationum
1143 1629 1147 1636 ·

11 1699 80 1772 aab,
91 1688 246 1752 tutantes.
291 1683 451 1752 Οιιιιιιιιι
475 1687 480 1770 Ι
506 1687 670 1752 debebunt
698 1709 737 1751 ex
767 1686 895 1772 angulis
919 1685 1112 1769 cohortium,

91 1796 173 1860 quae
206 1773 351 1841 efficiunt
381 1775 591 1842 latitudinem
618 1775 727 1859 operis
758 1774 878 1859 pedum
904 1773 977 1858 LX,
1008 1796 1111 1858 usque

92 1885 154 1948 quo
181 1864 286 1930 lineas
317 1865 490 1931 exteriores
523 1863 821 1949 comprehenderis,
853 1884 934 1948 quae
967 1861 1112 1927 efficiunt

91 1956 221 2035 partem
234 1955 392 2036 quartam.
438 1952 491 2019 55.
514 1951 672 2019 Similiter
694 1952 852 2018 clavicula
875 1951 1051 2017 circinatur
1074 1972 1113 2015 ex

52 2058 79 2099 ao
92 2040 180 2106 linea
201 2040 355 2105 interiore
377 2040 469 2122 valli,
501 2043 623 2123 puncto
646 2041 771 2106 mediae
793 2043 920 2124 portae,
957 2039 1112 2123 adaperto

92 2127 212 2194 circino
244 2127 286 2192 ad
317 2127 481 2193 cardinem
512 2131 636 2211 portae.
690 2127 742 2193 Ex
772 2150 811 2194 ec
843 2127 949 2193 medio
980 2130 1113 2211 praeter

93 2215 182 2282 siam
205 2216 378 2283 circinabis
397 2217 434 2281 in
453 2216 588 2282 eandem
605 2217 736 2301 lineam,
754 2239 835 2302 quae
854 2219 965 2282 centro
984 2216 1112 2281 serviet.

90 2304 189 2390 Item,
220 2309 340 2389 puncto
375 2308 542 2390 manente,
576 2305 694 2373 adicies
725 2305 934 2371 latitudinem
966 2303 1047 2369 valli
1080 2307 1113 2368 et

91 2393 209 2458 iterum
233 2393 405 2459 circinabis
428 2395 464 2458 in
488 2393 622 2459 eandem
641 2395 768 2479 lineam,
791 2396 829 2460 ut
846 2394 1009 2485 intrantes
1031 2413 1112 2458 sem·

94 2593 212 2642 1cerv0
233 2602 299 2641 ervo
318 2584 560 2641 litrunciramossi.
633 2583 824 2655 arragonum.
880 2582 1036 2655 3lapidem
1053 2599 1113 2637 mo-

92 2693 180 2750 bilem
198 2709 267 2752 corr
284 2691 339 2749 Seu
411 2692 557 2763 copiosum
578 2690 686 2745 ballum
757 2688 854 2759 4ripe
926 2696 942 2745 6
966 2687 1111 2744 ordinibus

89 2768 247 2821 castrorum
265 2763 319 2818 1111
338 2764 443 2832 castra,
467 2765 622 2818 castrorum
640 2762 717 2817 ιιιιιι
735 2760 790 2817 aea
877 2758 1040 2827 raequites

90 2905 232 2961 atuende
320 2911 353 2961 10
371 2904 401 2959 vi
401 2903 495 2976 gilaae
582 2901 771 2958 constitrmtur
857 2907 888 2956 11
907 2900 1019 2955 ballout
1041 2915 1111 2957 corr

92 2977 155 3033 Sco.
230 2975 380 3046 maggen
462 2981 497 3030 14
512 2973 635 3045 angulus
722 2979 755 3028 15
774 2971 974 3040 instabiliuntq
973 2986 1027 3024 uae

112 3046 349 3130 repugnationem
370 3047 467 3101 tutant
544 3052 577 3101 16
597 3061 631 3100 ex
649 3043 767 3114 angulos
841 3049 874 3098 11
894 3057 994 3112 quaeq.
1013 3040 1114 3097 latitu-

92 3065 174 3172 dines
193 3116 287 3187 operis
342 3123 376 3174 18
394 3117 471 3172 linea
488 3115 640 3216 exteriores
659 3113 921 3185 compraehenderit
994 3118 1027 3168 19
1047 3129 1113 3183 pars

93 3259 194 3328 quarta
211 3273 281 3316 corr.
295 3257 351 3316 sea
421 3264 456 3313 20
473 3257 546 3312 balli
616 3256 713 3310 iuncto
733 3258 812 3326 (corr
831 3255 895 3326 Seu)
914 3253 1024 3309 mediae
1044 3255 1112 3335 pote

91 3346 162 3386 corr.
173 3329 252 3388 Serio
326 3336 358 3386 21
378 3329 460 3399 porte
533 3343 568 3383 ea
584 3326 686 3396 media,
706 3342 755 3383 om.
772 3343 806 3382 ex
824 3332 887 3383 aute
905 3342 940 3381 ea
995 3331 1029 3380 22
1048 3323 1112 3378 viae

100 3465 143 3513 28
155 3465 269 3530 pnnIto
289 3468 426 3527 manenti
502 3416 603 3526 adbaili
