2452 3824
505 247 721 307 perarma
1086 253 1128 316 13

98 412 353 482 vexillariorum
391 408 561 476 minimum
602 430 673 478 esse
713 434 892 478 numerum.
941 414 1046 498 Atqui
1086 437 1126 480 ne

100 503 226 570 cohors
255 497 389 584 quidem
418 496 597 584 legionaris
624 503 819 587 quingentos
846 502 996 567 homines
1026 504 1127 569 habet

101 593 144 659 cf.
170 612 197 655 c.
218 590 248 673 1,
270 588 395 673 quanto
414 587 520 653 minus
539 590 713 656 vexillarii!
749 590 930 656 Identidem
954 593 989 656 in
1011 595 1125 656 nostro

100 678 234 746 numeri
257 678 444 760 occurrunt,
473 697 553 762 quoa
582 685 730 744 accurata
758 679 902 744 dividere
923 700 989 744 non
1012 701 1125 764 possu-

101 788 189 851 mus,
213 787 311 850 quare
335 763 367 829 Α
391 769 518 831 secutus
542 764 670 833 01000
692 767 821 832 retinui.

195 855 328 920 cobortes
349 854 503 935 equitatur
523 856 680 920 mitteriae
702 854 782 936 ΙΙΙ]
810 855 922 942 Lange
950 878 1015 930 non
1038 861 1125 921 recte

101 944 198 1030 legit,
220 944 254 1008 in
276 942 308 1006 A
330 944 546 1028 perscriptum
569 949 619 1009 est
636 943 702 1026 111,
726 949 946 1010 atramentum
968 945 1003 1009 in
1026 946 1126 1009 tertia

101 1035 195 1099 linea
217 1033 325 1097 minus
347 1031 476 1116 nigrum
504 1035 568 1113 est,
600 1033 657 1097 sed
684 1032 804 1097 lineam
832 1034 940 1117 ipsam
968 1035 1055 1099 clare
1077 1053 1125 1098 re·

104 1120 248 1205 cognovi
270 1121 304 1185 in
327 1120 527 1186 bibliotheca
545 1119 802 1204 Guelferbytana
819 1121 1031 1187 Arcerianum
1054 1142 1125 1206 per·

104 1213 266 1277 scrutans.
311 1209 497 1288 Praeterea,
527 1209 556 1273 si
584 1209 726 1291 amplius
753 1209 893 1274 testibus
922 1232 1002 1293 opus
1031 1214 1125 1295 esset,

102 1298 230 1366 codices
252 1297 281 1361 B
305 1302 339 1363 et
362 1295 388 1362 0
409 1301 523 1362 notam
546 1295 596 1360 lII
618 1295 781 1361 exhibent.

195 1407 220 1451 a.
239 1385 291 1451 35.
327 1383 407 1451 oea
428 1386 582 1468 pedatura
617 1385 851 1469 subbrdiaorie‘,
883 1387 1063 1452 veterinarii
1096 1392 1127 1452 et

56 1509 58 1516 ·
101 1475 256 1559 fabricae,
288 1493 366 1558 qaae
393 1475 429 1539 ta
454 1492 554 1540 anum
580 1475 624 1540 ad
644 1473 708 1540 Do
731 1474 868 1540 homines
889 1477 1123 1558 ammittantur]

104 1565 219 1647 Lange
241 1583 272 1647 p.
294 1565 357 1629 186
380 1584 551 1628 numerum
574 1561 645 1647 Dc,
669 1563 725 1647 qui
747 1561 832 1627 inA
856 1567 971 1647 exstat,
1001 1564 1125 1648 ‘utique

105 1651 308 1734 corruptum'
328 1672 399 1715 esse
418 1650 583 1733 iudicavit,
607 1656 805 1733 quapropter
818 1648 874 1714 01)
889 1653 1029 1735 scripsit.
1053 1651 1125 1718 aed

104 1737 849 1912 alllltlat¹llta¹la³aab{lt
857 1739 1125 1909 100000

105 1916 148 1982 ad
171 1913 320 1979 homines
344 1910 397 1978 00
421 1913 505 1978 solet
528 1911 731 1997 computari',
759 1935 841 1998 quac
868 1935 934 1978 non
957 1915 1053 1980 aliter
1076 1915 1124 1978 in·

106 2002 221 2086 tellegi
243 2004 392 2085 possunt,
419 2001 483 2066 nisi
505 2004 543 2066 ut
564 2001 600 2068 in
621 2024 721 2066 unum
750 2002 789 2067 ad
812 2000 871 2068 DC
893 2004 1056 2088 homines,
1088 2006 1126 2068 ut

106 2093 221 2156 nostro
244 2091 314 2156 loco
337 2090 460 2155 factum
483 2094 546 2176 est,
571 2094 805 2176 computentur.
842 2092 967 2157 Deinde
985 2093 1020 2157 in
1039 2112 1124 2158 com-

105 2178 276 2264 putatione
294 2178 470 2264 copiarum,
485 2175 572 2265 'quaa
590 2181 624 2243 in
642 2184 852 2262 praetentum
869 2181 1017 2265 tendunt,
1038 2202 1125 2245 erro·

106 2290 176 2333 rem
199 2268 372 2334 commisit.
414 2266 539 2333 Cohors
563 2268 670 2351 prima
691 2288 758 2332 non
781 2268 821 2332 ad
845 2266 984 2350 01000,
1008 2269 1124 2333 asdod

107 2355 177 2424 010
209 2357 358 2421 homines
391 2359 606 2437 computatur.
661 2355 754 2430 Quod
785 2354 882 2419 facile
910 2356 1063 2440 elucebit,
1095 2357 1123 2420 si

107 2444 276 2510 cohortem
302 2444 483 2525 peditatum
507 2442 754 2525 quingenariam
784 2445 818 2508 et
845 2443 1021 2508 miliariam
1050 2465 1123 2508 con-

107 2531 365 2597 sideraverimus.
410 2528 608 2594 Vexillarics
635 2529 789 2615 legionis,
821 2531 972 2597 cohortes
998 2533 1123 2616 pedita-

104 2627 174 2686 tam
192 2618 440 2706 quingenariam
464 2622 498 2683 et
515 2616 731 2702 legionariam
749 2641 788 2684 ex
807 2640 909 2703 aequo
931 2621 1122 2686 aestimatas

105 2731 176 2775 esse
198 2709 358 2794 probatur
381 2729 406 2772 c.
425 2708 461 2791 4,
492 2706 550 2771 ubi
575 2706 714 2791 legimur
745 2728 843 2792 super
868 2706 1037 2773 cohortem
1059 2709 1123 2791 pri·

106 2820 195 2863 mam
219 2801 252 2863 et
274 2796 460 2862 vexillarios
488 2799 521 2860 et
544 2795 712 2860 cohortem
737 2796 917 2880 peditat-am
945 2796 1122 2881 quingena-

106 2887 189 2949 riam
213 2889 246 2950 et
268 2884 483 2970 legionariam
507 2884 586 2968 poni
603 2905 708 2968 possa.
745 2905 771 2950 c.
790 2885 812 2950 5
830 2885 873 2949 in.
892 2882 1044 2969 Hyginus
1067 2885 1122 2950 do·

107 2976 168 3057 cet,
181 2972 368 3039 vexillarios
383 2974 424 3039 ad
439 2976 648 3039 sexcentenas
662 2973 810 3039 homines
825 2974 1006 3056 computari
1021 2993 1122 3058 aeque

106 3085 144 3128 aa
167 3059 337 3126 cohortem
358 3063 578 3147 legionariam.
614 3060 667 3125 Ad
689 3062 825 3127 eundem
847 3081 1017 3126 numerum
1036 3084 1122 3127 com·

104 3153 240 3236 putatur
270 3149 387 3216 cohors
414 3151 560 3234 peditata
588 3151 814 3234 quingenario,
847 3150 923 3234 qnia
953 3171 978 3214 c.
1002 3150 1044 3215 28
1073 3149 1122 3214 VI

105 3238 271 3306 centuriae
303 3239 333 3303 ei
367 3240 599 3306 attribuuntur.
649 3237 773 3305 Contra
803 3239 838 3303 in
870 3238 982 3303 eodem
1016 3238 1122 3321 capite

103 3329 258 3411 traditur,
289 3327 470 3411 peditatam
502 3328 677 3393 miliariam
710 3327 740 3392 X
777 3327 938 3393 centurias
965 3326 1121 3392 habuisse

103 3419 135 3485 id
164 3419 216 3482 est
238 3416 414 3483 miliariam
442 3418 483 3483 ad
511 3415 581 3485 010
608 3416 758 3482 homines
788 3419 1011 3500 computatam
1041 3435 1121 3481 esse.

101 3508 195 3574 Idem
218 3505 305 3574 cadit
327 3507 361 3573 in
384 3506 557 3576 eohortem
577 3505 725 3593 orimum
740 3502 1042 3590 legionaixamsxa
1054 3498 1153 3572 oasa
