2452 3824
253 197 363 253 LIBER
381 196 430 250 DE
448 195 716 253 MUNITIOMBUS
735 196 963 253 OASTRORUM.
1072 198 1115 263 21

99 360 234 427 tendere
266 361 442 445 debebunt,
473 361 541 426 alia
571 361 608 425 in
637 364 848 444 praetentare
878 361 1030 427 similiter
1058 384 1118 447 per

100 451 245 535 rigorem
262 450 335 515 viae
358 450 518 534 sagularis
540 449 739 514 intrantibus
765 453 896 533 portam
917 452 1116 535 praetoriam

101 541 195 622 parte
217 539 323 622 laeva3
350 537 464 603 dextra
486 537 635 604 cohortes
659 538 742 604 duae
763 538 946 604 contrariae
969 539 1118 624 tendant,
1193 618 1195 623 Ι

101 632 139 691 ut
168 628 275 710 possit
306 627 467 692 exercitus
500 626 704 692 combinatus
736 625 837 691 educi.
895 628 926 691 4.
959 627 1117 704 Quotiens

100 717 210 780 autem
234 716 375 800 quinque
397 714 448 780 vel
468 736 524 779 sex
542 715 688 798 legiones
708 711 1011 800 aclceptaefuerint,
1035 717 1215 802 duaerassa,

101 803 252 870 cohortes
274 805 399 887 primae
426 802 584 868 lateribus
611 803 768 887 praetorii
790 804 922 868 tendere
946 805 1145 890 debebuntss

102 891 184 955 duae
211 892 248 954 in
269 893 492 975 praetentura,
520 913 617 976 super
644 891 761 976 quibus
789 892 1038 976 valetudinaria,
1066 893 1119 959 de

102 979 177 1043 inde
200 978 374 1062 vexillarii,
399 983 432 1044 et
454 981 483 1044 si
505 1002 556 1045 res
580 980 699 1064 exiget,
720 980 838 1045 cohors
861 980 1008 1066 peditatu
1026 980 1119 1066 quin-

101 1067 239 1152 genario
260 1067 332 1132 loco
357 1067 597 1134 vexillariorum
616 1069 700 1134 solet
714 1068 903 1154 superponi,
927 1072 973 1152 et,
995 1069 1119 1135 sistri-

100 1155 185 1221 ctior
214 1154 313 1221 fuerit
344 1156 517 1241 pedatura,
549 1157 666 1222 cohors
697 1158 880 1242 legionario
911 1157 982 1222 dari
1013 1158 1118 1241 debet,
1132 1173 1161 1213 1⁰

101 1243 158 1308 sed
180 1266 315 1310 numero
340 1267 408 1329 suo,
430 1248 468 1309 ut
486 1243 575 1310 LXX
596 1244 694 1330 pedes
715 1245 989 1312 valetudinarium
1013 1250 1047 1311 et
1068 1267 1120 1310 re-

102 1332 202 1416 liqua,
225 1354 308 1416 quae
327 1355 425 1417 supra
449 1333 592 1418 tendent,
615 1334 785 1418 accipiant,
807 1335 869 1400 hoc
893 1337 943 1399 est
960 1334 1120 1400 veterinu-

101 1421 188 1485 rium
211 1424 244 1486 et
265 1421 400 1506 fabrica,
423 1442 505 1506 quae
526 1422 601 1488 ideo
617 1421 752 1506 longius
770 1423 880 1506 posita
894 1427 955 1503 est,
979 1428 1018 1489 ut
1031 1423 1118 1489 vele·

100 1509 302 1576 tudinsrium
317 1509 463 1594 quietum
482 1532 555 1576 esse
567 1511 866 1577 convalescentibus
880 1516 1000 1595 posset.
1031 1511 1118 1589 Quo-

100 1620 175 1662 rum
206 1598 365 1682 pedatura
389 1598 394 1681 Ι
418 1599 454 1663 in
484 1600 631 1684 singulas
663 1600 786 1684 species
819 1599 860 1664 ad
887 1599 1035 1666 homines
1065 1598 1216 1684 ocreae,

102 1686 187 1750 solet
209 1687 398 1769 computari.
1132 1704 1160 1744 1⁶

191 1773 221 1838 5.
259 1773 430 1840 Vexillarii
457 1774 625 1857 legionum
652 1774 787 1838 eandem
814 1773 1007 1858 pedaturam
1036 1777 1118 1840 acci-

101 1883 178 1946 pere
202 1861 330 1945 debant,
354 1883 451 1946 quarn
475 1862 592 1928 cohors
614 1862 802 1947 legionario,
826 1862 903 1946 quia
926 1862 966 1927 ad
990 1884 1121 1928 sexcen-

100 1954 195 2014 tenos
218 1950 366 2015 homines
394 1953 632 2034 computantur.
679 1947 785 2016 Causa
811 1951 1120 2034 impedimentorum

102 2036 234 2102 tendere
257 2038 375 2102 debent
396 2038 431 2103 in
453 2043 662 2124 praetenture
684 2040 735 2104 vel
758 2041 861 2105 latere
886 2039 1058 2123 praetorii,
1081 2043 1119 2105 ut
1132 2055 1161 2095 2⁰

101 2125 261 2210 dixeram,
284 2148 380 2210 super
403 2127 550 2194 cohortes
578 2128 711 2211 primas.
756 2129 810 2193 Ad
835 2128 972 2212 vallum,
995 2128 1025 2194 si
1047 2129 1120 2194 fieri

101 2217 221 2299 potest,
243 2214 316 2280 ideo
340 2215 471 2281 tendere
493 2238 561 2282 non
583 2215 713 2298 debent,
743 2215 830 2300 quod
854 2215 982 2300 legatus
1006 2238 1120 2282 sorum

100 2303 225 2385 pariter
242 2325 309 2368 non
332 2304 377 2368 sit
399 2308 446 2387 et,
477 2305 506 2368 si
534 2325 611 2369 casu
632 2304 676 2368 ab
698 2303 793 2368 hoste
815 2303 936 2368 vallum
959 2305 1120 2389 interrup

101 2395 174 2455 tum
196 2390 304 2472 fuerit,
326 2391 414 2473 legio
438 2393 472 2455 et
492 2391 620 2475 legatus
639 2411 750 2456 eorum
771 2412 830 2475 per
847 2391 1035 2457 vexillarios
1053 2391 1119 2458 fac·

101 2482 174 2541 tum
195 2499 266 2541 esse
289 2477 468 2542 contendet
1131 2495 1162 2536 ιδ

193 2565 223 2629 6.
260 2563 419 2632 cohortes
450 2565 635 2649 praetoriae
673 2566 830 2632 lateribus
861 2567 1019 2652 praetorii
1049 2571 1121 2633 ten·
1210 2617 1211 2620 ,

105 2737 186 2793 lalii
205 2755 273 2797 corr.
293 2739 348 2795 Scb
419 2739 520 2794 eleva
543 2739 622 2793 extra
640 2738 784 2794 cohortem
802 2737 942 2794 contrario
961 2738 1062 2793 tendat

101 2809 311 2865 tcumuinstus
361 2809 476 2924 triaei
507 2815 622 2880 teupru
675 2808 875 2904 valetutineria
927 2809 1121 2865 8vexillarive

103 2933 203 2988 cohors
232 2935 354 2991 sedumde
427 2936 518 2989 atres
569 2934 664 2990 bloca
714 2939 747 2989 10
762 2932 843 2988 cohrs
861 2930 1033 3002 legionariae
1053 2932 1121 2987 dare

103 3020 172 3059 corr.
181 3002 210 3058 L
256 3011 288 3060 11
303 3005 550 3061 volletudinarium
596 3003 761 3059 latentem
800 3007 832 3059 1³
846 2950 1084 3058 balbltudinarium

105 3125 318 3195 repedatum
370 3127 499 3182 homines
519 3129 549 3182 et
571 3127 705 3184 coesset
778 3132 811 3182 1'1
825 3125 963 3182 Vexillari
1020 3126 1122 3180 eadem

153 3214 288 3267 accepere
352 3204 385 3252 18
400 3197 476 3266 quod
495 3198 594 3254 cohors
614 3215 682 3254 corr.
692 3198 776 3255 Sulca.
835 3212 907 3267 quae
926 3197 962 3251 ad
981 3203 1122 3252 sescente-

103 3283 162 3322 nos.
220 3273 252 3322 19
268 3269 456 3338 conputantur
522 3269 778 3340 inpedimentorum
849 3267 1031 3338 21utp1imas
1051 3284 1122 3324 corr.

103 3391 158 3446 Set
210 3391 317 3445 ballum
388 3398 422 3446 28
442 3394 471 3446 et
483 3408 558 3448 cusu
617 3392 725 3448 bullum
742 3393 915 3464 interruptor
967 3399 1005 3448 as
1019 3391 1122 3447 cohors

103 3476 172 3515 corr.
192 3461 247 3517 Scb
322 3461 470 3532 praetoriis

1197 3506 1216 3615 t
