2452 3824
500 229 719 287 PRAEFATIO.
1098 231 1120 296 3

192 393 296 470 Quam
316 392 544 459 collectionem
559 394 630 458 sine
645 415 744 478 opera
758 392 958 477 amplificare
976 414 1120 477 possum,

102 504 132 546 v.
147 501 177 566 g.
199 503 266 547 non
282 481 509 566 praetereundi
527 485 622 546 erant
641 479 799 566 aLangio
820 481 897 564 loci,
918 481 1035 565 quibus
1056 482 1119 548 alio

103 574 284 635 atramento
308 570 431 657 aliquid
454 592 552 654 supra
574 571 694 635 lineam
714 569 949 653 scriptumest,
971 591 1120 635 nemeae

102 659 317 724 correctiones
341 658 383 724 ad
405 659 436 723 A
458 658 606 742 proxime
629 659 798 742 accedunt,
829 658 878 722 ita
899 661 937 722 ut
960 656 999 740 0,
1029 662 1121 742 post·

101 768 199 831 quam
222 751 372 812 exaratus
396 751 456 830 est,
478 769 516 812 ex
536 747 645 812 codice
670 746 776 813 autA
797 747 870 830 ipso
895 746 1000 811 autA
1020 747 1120 811 simil·

101 835 179 901 limo
203 837 395 900 emendatus
419 857 489 900 esse
511 835 671 902 videatur.

191 946 254 1012 sed
272 951 339 1014 iam
357 949 453 1016 redeo
478 950 518 1015 ad
542 972 590 1033 ea,
612 971 695 1034 quae
715 970 813 1033 supra
831 949 980 1032 exposui3
1003 948 1071 1013 dixi
1091 949 1120 1014 A

102 1038 208 1102 solum
230 1038 467 1122 respiciendum
490 1059 570 1120 esse,
592 1038 621 1103 B
646 1041 679 1102 et
702 1036 728 1103 O
751 1058 790 1101 ex
810 1036 841 1100 A
864 1040 921 1101 aut
944 1041 1033 1102 recta
1057 1038 1119 1104 ori-

101 1125 177 1210 gine
197 1130 254 1190 aut
273 1127 466 1211 ambagibus
485 1126 626 1192 fluxisse.
660 1125 695 1191 si
714 1127 762 1191 ita
781 1129 840 1207 est,
859 1124 989 1190 libellus
1007 1130 1121 1191 noster

102 1218 135 1278 et
158 1214 255 1279 titulo
278 1217 315 1281 de
337 1215 561 1280 maaitoaclms
583 1219 755 1280 castrorum
777 1216 810 1277 et
832 1212 965 1297 Hygino
990 1218 1120 1280 auctore

99 1303 259 1384 privatur.
302 1301 389 1368 Nam
410 1302 523 1388 Lange
546 1303 616 1387 ipse
639 1302 762 1367 fatetur
779 1301 924 1386 prolegg.
938 1325 970 1385 p.
980 1303 1022 1367 37
1043 1300 1120 1385 ‘Hy-

102 1390 173 1474 gini
194 1412 313 1456 nomen
336 1391 455 1458 codicis
478 1391 650 1456 Arceriani
676 1390 869 1456 auctoritate
897 1412 962 1454 non
989 1389 1121 1456 fulciri'.

100 1477 216 1543 Frater
234 1479 364 1564 quidem
383 1502 472 1545 meus
494 1478 645 1561 [Hermos
665 1477 925 1562 v01.x1p.164]
945 1501 1011 1544 non
1027 1479 1120 1544 dubi·

99 1568 182 1632 tavit
214 1569 408 1634 contendere
441 1569 589 1634 libellum
625 1572 775 1633 nostrum
811 1588 879 1631 non
911 1568 952 1632 sb
986 1566 1119 1653 Hygino

99 1655 233 1720 Traiani
256 1657 398 1741 aequali,
420 1657 454 1722 id
478 1657 563 1741 quod
583 1655 695 1740 Lange
717 1656 833 1738 voluit,
859 1655 1018 1739 scriptum
1041 1678 1121 1741 esse,

101 1744 158 1809 sed
182 1744 223 1808 ab
247 1748 378 1810 auctore
405 1744 522 1828 ignoto
552 1746 629 1827 post
651 1744 883 1826 imperatorem
908 1741 1120 1809 Caracallum.

102 1831 163 1897 oui
187 1852 247 1917 ego
273 1832 446 1914 adsentior,
469 1831 524 1916 qui
548 1831 673 1897 codices
692 1830 767 1896 illos
788 1831 971 1896 accuratius
990 1832 1121 1897 investi-

102 1921 223 2004 garim3
257 1922 368 1984 tamen
399 1920 519 1984 retinui
548 1920 681 1986 titulum
704 1919 829 2003 Hypiai
853 1921 1019 2003 gramatici
1046 1921 1121 1986 liber

101 2010 137 2072 de
169 2009 393 2074 munitionum
425 2013 610 2094 castrorum,
648 2009 724 2093 quia
760 2008 846 2073 ullus
885 2008 1000 2073 titulus
1033 2014 1120 2075 certe

102 2095 216 2161 libello
243 2096 474 2182 relinquendus
506 2101 578 2162 erat
609 2101 643 2162 et
672 2098 794 2181 optime
822 2097 951 2182 quidem
981 2098 1024 2182 is,
1056 2120 1119 2183 quo

101 2184 205 2251 adhuc
227 2185 390 2251 utebatur.

188 2299 228 2364 In
246 2304 339 2365 textu
353 2300 550 2366 recensendo
565 2300 672 2365 solum
687 2300 830 2365 codicem
844 2298 885 2381 A,
901 2299 992 2363 cuius
1007 2299 1119 2366 lectio-

100 2409 158 2452 nes
186 2389 292 2452 textui
320 2389 456 2470 subieci,
489 2390 616 2452 secutus
645 2409 731 2470 sum3
764 2385 844 2451 satis
869 2386 1043 2471 diligenter
1066 2388 1118 2453 de-

101 2473 894 2628 ecauerruncandaen-13
910 2474 1119 2641 ⁰23¹th

100 2651 134 2715 in
158 2672 195 2716 eo
219 2650 394 2716 manifesto
422 2652 573 2734 perverse
597 2650 720 2735 scripta
743 2585 844 2734 erant
870 2651 998 2716 medela
1021 2654 1119 2719 corri-

100 2760 177 2823 gere
200 2740 320 2823 studui,
338 2742 481 2804 ceterum
505 2742 538 2803 et
561 2739 680 2805 codicis
704 2739 807 2823 ipsius
830 2739 958 2804 litteras
982 2743 1014 2803 et
1030 2742 1119 2824 prio·

99 2850 172 2893 rum
203 2828 366 2894 editorum
394 2827 626 2912 correctiones,
658 2827 766 2914 quoad
798 2827 867 2892 eius
898 2827 970 2892 fieri
1001 2830 1119 2913 potuit,

100 2916 186 2980 colui
213 2920 246 2981 et
268 2917 400 3001 retinui,
431 2918 508 3002 quia
537 2921 663 3001 vetera,
695 2938 776 3000 quae
806 2916 937 3000 quidem
966 2920 1000 2981 et
1032 2917 1118 2983 bona

100 3005 180 3088 sint,
203 3025 369 3070 reservare
392 3005 556 3089 imprimis
580 3005 713 3070 editoris
737 3026 807 3069 esse
830 3003 959 3070 credidi.
1001 3003 1118 3091 Itaque

99 3093 261 3178 Langium
281 3093 381 3157 etiam
399 3093 434 3157 in
449 3093 613 3178 capitibus
628 3092 863 3159 constituendis
883 3096 1012 3158 secutus
1032 3115 1117 3176 sum3

100 3186 214 3247 contra
236 3181 426 3265 saepissime
450 3180 546 3246 aliter
568 3182 763 3265 interpunxi.

187 3287 257 3353 Iam
279 3290 411 3352 transeo
440 3286 481 3352 ad
504 3287 719 3353 defendendos
750 3287 877 3373 aliquot
904 3287 993 3352 locos
1023 3308 1117 3353 ame

100 3377 297 3443 emendatos.

188 3503 213 3547 c.
240 3486 267 3548 1.
308 3483 363 3566 qut
389 3483 556 3549 decumam
581 3484 616 3548 ia
648 3483 837 3568 largitudine
860 3483 976 3566 pedam
1004 3480 1115 3564 OXX]
