2484 3878
383 299 386 304 ⁴
503 217 721 274 ιιιιιιιιιο.
1103 217 1121 280 ι

104 386 210 447 natur.
255 381 294 446 Id
322 381 508 466 significant
539 375 652 465 verba',
684 402 766 465 quae
795 383 871 445 sunt
899 379 995 464 ‘quod
1023 380 1124 446 fuerit

106 471 219 554 signis,
241 470 390 534 tabulino
413 469 496 534 erit'.
538 468 622 533 Tum
644 490 686 533 ne
708 470 792 533 ratio
814 469 991 552 pedaturae
1013 470 1123 534 turbe-

105 564 170 643 tur,
193 559 392 643 semistrigia
409 561 588 640 mutentur,
610 557 672 622 hoo
690 561 741 622 est
759 557 891 622 brevius
910 557 1123 641 semistrigio

104 669 177 712 rum
200 647 288 711 latus
310 647 384 712 loco
407 646 566 731 longioris
584 645 725 729 ponitur.
757 645 892 710 Minime
915 646 1017 730 igitur
1040 666 1123 728 opus

106 740 157 800 est
180 758 253 800 cum
275 735 402 819 Langio
425 735 531 799 textui
553 733 695 800 inserere
723 732 822 818 ‘quod
844 734 944 799 fuerit
965 734 1123 818 tabulino,

106 825 168 889 erit
190 823 316 907 signis'.
360 822 410 887 De
436 823 585 887 tabulina
614 826 648 888 et
674 823 776 907 signis
803 843 871 888 non
899 822 940 887 ad
962 822 1123 907 Langium
1218 858 1221 864 ·

104 933 318 995 recurramus,
343 911 400 975 sed
423 911 464 975 ad
481 909 608 996 Hygini
631 911 711 977 satis
735 912 823 976 clara
844 911 958 976 verba:
982 914 1125 974 statuen-

106 999 270 1081 domest,
301 999 395 1083 signa
417 1020 533 1064 vocare
556 998 728 1084 Hyginum
751 1000 883 1084 longius
912 999 1124 1083 semistrigio·

104 1110 177 1152 rum
205 1088 305 1166 latus,
336 1087 521 1152 tabulinum
548 1086 692 1171 brevius,
727 1088 760 1152 id
788 1087 875 1173 quod
901 1087 993 1153 nullo
1021 1088 1123 1153 totius

104 1176 181 1240 libri
205 1176 277 1240 loco
300 1176 517 1259 redarguitur.

194 1266 231 1328 de
258 1285 291 1329 eo
313 1267 410 1346 quod]
444 1262 528 1328 Mihi
560 1285 688 1349 quoque
720 1264 820 1330 verba
853 1286 933 1328 sana
964 1264 1125 1348 videntur,

106 1373 304 1435 quamquam
332 1351 383 1417 ‘de
411 1374 449 1417 eo
477 1351 579 1435 quod'
608 1353 752 1418 nondum
781 1354 816 1416 in
839 1352 1053 1435 scriptoribus
1076 1353 1124 1416 in-

104 1440 188 1506 veni.
234 1438 298 1505 Sed
327 1439 379 1505 ‘ab
408 1463 446 1505 eo
473 1439 572 1524 quod'
600 1439 707 1505 Varro
736 1440 774 1504 de
802 1440 823 1504 l.
846 1441 867 1505 l.
890 1438 922 1504 V
948 1442 1009 1505 171
1034 1462 1124 1542 seqq.

105 1528 190 1613 apud
213 1528 354 1594 Hultsch
379 1530 554 1613 scriptores
577 1529 784 1614 metrologici
805 1527 840 1593 II
866 1550 898 1612 p.
921 1529 965 1594 50
994 1529 1124 1612 saepius

105 1618 1179 1700 usurpavit..

196 1726 222 1770 c.
240 1706 271 1768 4.
302 1706 476 1785 vexillarii]
511 1704 542 1768 Α
575 1705 708 1769 exhibet
738 1705 915 1770 oeciltrrioc
944 1671 1049 1769 cohors
1080 1724 1124 1769 se·

105 1795 215 1871 dende,
239 1792 325 1876 quod
345 1791 504 1876 Lange't
477 1813 526 1856 ra
490 1791 732 1857 temendavit
749 1793 907 1857 ccccllorc'i
928 1793 975 1857 oet
991 1792 1126 1857 cohortes

105 1883 270 1958 secundae·
307 1902 339 1963 p.
359 1881 431 1944 124.
454 1879 483 1944 5.
513 1880 657 1945 defendit
642 1883 773 1945 tsuam
795 1881 983 1965 lectionem,
1012 1881 1124 1945 miser·

104 1971 187 2034 rime
211 1968 351 2052 quidem
396 1967 483 2033 Nam
505 1969 646 2052 primum
670 1967 822 2034 cohortes
849 1969 1049 2054 legionariae
1072 1969 1125 2033 de-

106 2078 196 2122 mum
218 2061 336 2141 postea
358 2061 614 2122 commemorant
615 2081 661 2141 ur,
684 2057 798 2123 deinde
812 2058 925 2142 Lange
948 2058 1123 2122 sententia-

106 2168 179 2210 rum
200 2167 319 2209 nexum
340 2167 476 2229 prorsus
503 2167 571 2210 non
592 2145 767 2228 intellexit3
799 2147 906 2212 verbis
930 2145 1056 2230 Hygini
1079 2145 1125 2211 et

106 2235 135 2298 si
158 2256 209 2298 res
232 2235 409 2318 exiget—
433 2237 467 2298 et
494 2254 524 2297 ιι
514 2226 692 2299 lstrictior
718 2195 817 2299 fuirit
843 2233 1015 2317 pedatura'
1042 2233 1123 2298 indi-

106 2327 208 2406 catur,
231 2323 427 2388 necessitate
450 2325 587 2405 cogente
609 2322 767 2386 maiorem
790 2322 823 2384 et
845 2342 905 2403 pro
929 2321 1035 2404 spatio
1059 2343 1125 2385 ma·

104 2410 229 2475 ximum
246 2432 417 2474 numerum
434 2409 576 2473 militum
595 2430 693 2492 super
706 2398 874 2473 cohortem
890 2409 1028 2492 primam
1044 2409 1122 2474 dari.

105 2497 168 2562 Est
190 2497 318 2582 climat,
341 2499 398 2599 qui
420 2496 501 2562 dicit
501 2518 540 2560 ur
562 2497 746 2562 ascendens.
790 2495 870 2574 Quis
894 2519 971 2563 vero
995 2500 1124 2581 praeter

104 2584 299 2671 Largium'
290 2607 325 2649 m
346 2586 413 2650 imo
436 2589 471 2650 et
493 2607 620 2649 summo
651 2585 797 2651 elimacis
826 2586 930 2670 gradu
954 2586 1070 2651 cohort
1055 2590 1123 2651 tem

105 2674 322 2778 legionariam
353 2674 479 2758 ponet?
528 2672 613 2738 Mihi
640 2673 770 2758 quidem
801 2695 868 2739 non
900 2677 951 2739 est
982 2674 1125 2758 dubium,

106 2765 187 2846 quin
209 2764 309 2828 verba
331 2784 366 2827 oe
387 2763 492 2829 cotors
514 2763 648 2828 sedando
669 2762 814 2827 eicienda
838 2763 913 2827 sint.
959 2785 985 2828 c.
1009 2763 1052 2827 23
1076 2784 1125 2828 ex.

106 2852 141 2915 in
164 2874 298 2935 prorsus
322 2852 425 2917 simili
452 2852 524 2918 loco
552 2852 674 2936 legitur
702 2849 873 2916 ‘vexillarii
900 2851 953 2916 vel
975 2850 1125 2916 cohortes

108 2939 267 3004 secundae
299 2941 351 3005 vel
381 2941 547 3025 peditatae
579 2939 810 3025 quingenariae
848 2961 945 3023 super
976 2940 1124 3005 cohortes

105 3026 250 3112 primas',
278 3027 389 3093 ordine
411 3028 520 3132 igitur·
537 3032 664 3094 mutato
693 3026 844 3094 cohortes
868 3027 1026 3093 secundae
1049 3032 1125 3092 ante

106 3116 271 3201 peditatus
295 3116 526 3202 quingenariae
549 3120 853 3184 commemorantur.
902 3115 1054 3201 Suspicor
1077 3121 1125 3180 at·

106 3209 235 3270 tentum
258 3205 398 3289 aliquem
420 3205 607 3271 lectorem'
597 3228 632 3271 ιιι
655 3205 803 3293 margine
824 3205 935 3270 archet
920 3206 994 3289 typi
1016 3226 1089 3306 cap·
1103 3205 1126 3268 4

107 3293 281 3359 adnotasse
303 3296 380 3378 post
402 3292 588 3359 vexillarii'
617 3295 664 3360 oet
685 3294 819 3360 cohortes
840 3296 997 3372 amandae,
1019 3293 1125 3358 utin

107 3382 231 3447 dicaret
262 3382 442 3466 posteriore
474 3382 595 3449 loco
585 3405 749 3449 mversum
787 3405 857 3448 esse
890 3383 1049 3466 ordinem3
1086 3402 1125 3446 ex

107 3472 255 3556 margine
274 3472 412 3536 autem
402 3472 572 3555 rrrepsisse
589 3472 626 3535 in
642 3475 836 3537 textum—
850 3471 891 3536 In
907 3471 1033 3549 vertis,
1044 3491 1137 3545 <qm
