2452 3824
250 241 361 298 LIBER
379 240 428 296 DE
447 238 717 296 MUNITIONIBUS
736 237 966 295 CASTRORUM.
1072 237 1116 303 25

100 407 207 487 mille,
239 404 384 474 deductis
407 404 560 488 singulis,
592 402 648 487 qui
669 402 705 467 in
731 422 902 467 numerum
929 405 1117 486 computan-

98 500 168 578 tur,
189 490 306 560 XCVI.
349 490 416 558 Ala
438 491 652 578 quingenaria
673 494 799 556 turmas
822 490 923 555 habet
944 489 1036 574 XVI,
1063 489 1117 555 de·

99 582 250 649 curiones
273 584 308 646 et
328 581 455 667 reliqui,
476 582 574 664 prout
591 601 745 645 numerus
764 582 955 663 turmarum,
977 579 1117 662 amplius

102 692 201 756 equos
229 671 322 737 alunt
349 673 387 735 ut
414 688 513 752 supra
544 666 678 733 LXIHI.
732 666 778 732 Et
809 666 882 732 ideo
913 667 948 733 in
979 666 1117 750 singulis

101 759 265 845 equitibus
297 757 383 824 terni
415 757 513 840 pedes
546 759 790 840 computantur,
825 755 910 818 nihil
941 754 1144 820 deducitur.⁵

98 848 139 914 Iu
167 869 204 912 eo
238 847 319 929 pede
352 843 534 928 praefectus
568 845 640 911 alae
671 844 864 928 pedaturam
896 843 1049 927 accipiat,
1086 847 1119 908 et

100 935 297 1020 principales
321 953 432 997 eorum
455 933 565 1017 aliquo
583 933 690 998 laxius
713 932 863 1017 tendant3
890 931 1034 1016 alioquin
1057 931 1119 996 sin-

100 1023 172 1108 guli
194 1021 291 1087 binos
313 1021 411 1104 pedes
434 1024 468 1086 et
489 1021 640 1087 semisses
664 1021 855 1104 acciperent.

193 1112 244 1176 17.
277 1108 442 1186 Quantum
465 1113 573 1175 autem
596 1109 637 1174 ad
659 1113 860 1175 retenturam
879 1108 1034 1192 pertinet,
1056 1108 1119 1189 via,

101 1221 184 1285 quae
207 1202 379 1282 estsuper
400 1198 576 1281 praetorio,
600 1218 660 1280 per
682 1198 771 1262 cuius
794 1197 937 1281 rigorem
957 1196 962 1280 Ι
982 1200 1212 1280 utraquereob¹

100 1292 205 1373 parte,
228 1308 302 1352 eum
325 1287 431 1352 maior
453 1286 613 1351 exercitus
632 1289 691 1369 est,
713 1285 775 1350 hoc
794 1289 845 1350 est
863 1284 1159 1369 quinquelegio-11

100 1398 158 1440 nes
179 1379 212 1440 et
230 1395 337 1457 supra,
360 1373 510 1438 cobortes
528 1373 728 1459 legionariae
745 1372 817 1438 dari
836 1373 955 1455 solent,
973 1373 1119 1457 accipere

100 1463 199 1529 debet
219 1462 429 1530 latitudinem
450 1461 569 1545 pedum
590 1460 662 1545 XL,
685 1463 714 1528 si
736 1464 851 1545 portae
870 1461 918 1526 ibi
936 1461 1032 1527 datae
1050 1461 1118 1526 fue-

100 1552 181 1635 rint,
213 1550 361 1635 Lpedes
384 1550 534 1634 accipiet,
565 1553 600 1616 et
624 1551 877 1635 cognominatur
904 1551 1003 1616 etiarn
1027 1550 1118 1634 quin·
1153 1586 1155 1590 ι

99 1645 180 1706 tana
203 1661 301 1709 causa
323 1639 499 1722 copiarum.
1132 1652 1157 1693 15

193 1728 244 1794 18.
276 1726 507 1804 Quaestorium
525 1727 652 1810 dicitur,
673 1726 760 1811 quod
778 1725 952 1809 aliquando
971 1729 1119 1810 quaesto-

102 1839 154 1882 res
181 1816 231 1882 ibi
261 1815 452 1900 pedaturam
481 1815 678 1899 acceperint3
711 1813 797 1898 quod
824 1817 875 1878 est
902 1836 1001 1898 supra
1028 1835 1119 1897 prae·

102 1904 224 1971 terium
246 1905 282 1968 in
304 1905 414 1989 rigore
436 1907 564 1988 portae,
598 1924 681 1988 quae
704 1901 894 1969 cohortibus
917 1903 1050 1968 decimis
1073 1902 1120 1966 ibi

101 1992 307 2057 tendentibus
331 1993 499 2059 decimans
521 1995 573 2058 est
594 1992 767 2076 appellata.
807 1990 1038 2068 Quaestorium
1060 1991 1120 2057 mi-

102 2101 181 2145 nore
200 2102 270 2145 esse
290 2080 386 2147 debet
403 2081 584 2164 latitudine,
602 2102 700 2165 quam
718 2081 929 2165 praetorium,
942 2082 980 2145 ut
998 2080 1120 2165 strigae
1134 2094 1161 2134 20

103 2171 266 2239 staterum
298 2169 461 2253 posticum
492 2170 647 2252 praetorii
674 2170 841 2253 proximae
869 2169 943 2233 sint
988 2168 1028 2232 In
1056 2190 1120 2251 quo

100 2258 243 2325 maxime
263 2262 268 2337 Ι
288 2258 391 2341 legati
408 2256 553 2322 hostium
576 2260 609 2322 et
627 2256 768 2339 obsides,
791 2258 838 2339 et,
861 2256 891 2320 si
913 2277 978 2339 qua
999 2256 1120 2340 praeda
1130 2267 1216 2336 teob,

101 2345 190 2411 facta
211 2345 319 2428 fuerit,
341 2345 376 2409 in
397 2344 583 2427 quaemomo
606 2344 748 2426 ponitur.

194 2433 245 2497 1-9.
276 2431 448 2496 Lateribus
480 2431 623 2496 eiusdem
654 2430 787 2496 tendere
819 2430 938 2496 debent
969 2430 1010 2496 ad
1033 2430 1121 2496 viam

102 2520 295 2603 quintanam
323 2518 486 2583 centuriae
509 2521 683 2602 staterum,
714 2523 752 2584 ut
778 2520 939 2603 posticum
965 2519 1160 2603 praetorii2⁵

103 2611 259 2672 tueantur
286 2610 321 2671 et
341 2605 482 2692 proximi
511 2607 579 2671 sint
605 2607 809 2692 imperatori3
842 2607 958 2691 quibus
986 2607 1121 2692 duplam

101 2696 294 2781 pedaturam
316 2695 577 2782 adsignabimus,
603 2695 690 2780 quod
713 2695 834 2762 eisdem
857 2695 1006 2761 tentoriis
1029 2698 1121 2760 utan-

104 2843 161 2890 ta.
175 2834 194 2890 l.
213 2835 251 2889 ad
269 2835 401 2892 arasa
456 2832 596 2901 treliqua
613 2835 699 2903 prout
715 2849 862 2888 numerum
933 2838 1035 2902 4quos
1053 2835 1086 2886 ut

104 2905 275 2974 esequitib.
328 2905 408 2960 mille
427 2903 557 2964 deficitur
572 2905 708 2967 caudet
774 2903 891 2961 8vinos
909 2903 1005 2986 pedes.
1061 2905 1122 2959 eet

103 2975 252 3046 repentina
270 2976 403 3032 corr-Set
458 2974 556 3032 eviae
575 2977 675 3044 quaest
748 2982 781 3031 10
799 2976 942 3045 praetoria
1009 2979 1043 3028 12
1057 2989 1121 3043 por·

102 3047 315 3115 tameaquartae
388 3053 421 3102 13
441 3046 632 3102 debentem.
652 3045 706 3102 Set
782 3044 1051 3126 recognominatus

104 3125 138 3183 15
158 3117 322 3185 quintanam
341 3133 455 3171 causam
510 3124 543 3174 16
563 3118 742 3186 quaestorum
806 3121 839 3173 18
858 3132 969 3186 ugerae
1030 3131 1086 3185 qua

102 3195 138 3244 20
157 3188 249 3243 minor
268 3219 301 3228 -
320 3185 503 3242 latitudinem
521 3204 590 3244 corr.
603 3188 630 3242 L
702 3193 736 3242 21
757 3185 821 3241 stad
838 3186 991 3256 posticium
1010 3202 1079 3242 corr.
1095 3185 1121 3238 L

139 3258 261 3328 proximi
279 3275 347 3314 corr.
358 3257 412 3313 sa
465 3265 499 3313 23
520 3258 684 3329 quaestione
703 3257 861 3315 securioris
880 3259 912 3312 ia
924 3256 1088 3328 meruissent

104 3371 140 3420 24
158 3328 280 3436 {tendere
354 3363 438 3419 debet
456 3380 525 3420 corr.
536 3365 590 3421 Set
660 3371 695 3420 25
710 3349 866 3435 'posticium
879 3361 1123 3442 praetoriveantur

104 3442 175 3562 emere
195 3435 386 3562 {ipptraetores
409 3451 478 3492 corr.
498 3434 552 3492 Set
640 3442 675 3491 27
699 3434 911 3504 adsignavimus
1000 3435 1121 3489 teuscus
