2484 3878
135 204 156 270 6
534 203 750 260 Pnnnnrno.

132 389 234 452 quam
266 367 314 431 ita
341 370 492 450 pergeret
519 363 614 430 ‘haee
640 366 799 449 pedatura
825 365 866 430 ad
893 365 1025 448 plenam
1053 366 1152 450 legio-

133 455 231 534 nem',
255 456 361 539 striga
383 458 491 519 autem
514 455 657 537 pertinet
680 453 721 518 ad
744 454 824 518 duas
847 455 1018 519 centurias.
1060 452 1153 529 Quod

134 543 247 628 Lange
270 564 367 628 porro
391 542 540 626 credidit,
569 542 700 626 plenam
723 542 886 626 legionem
911 543 1065 627 explicari
1087 565 1153 607 non

135 654 241 716 posse,
265 632 400 698 erravit:
422 632 509 716 legio
529 631 648 696 dieitur
669 631 776 715 plena,
799 631 890 696 cuius
908 635 1019 714 partes
1037 631 1153 715 plenae

136 724 223 803 sunt,
245 720 279 785 id
303 724 354 785 est
375 720 497 785 iustum
519 740 690 784 numerum
712 720 843 785 habent.
885 717 1054 784 Sententia
1077 721 1153 784 sori·

134 810 238 894 ptoris
261 808 434 892 perspicua
457 812 519 872 est:
547 807 705 892 pedatura
727 807 830 873 totius
859 807 1000 893 legionis
1023 808 1063 872 ad
1085 808 1153 891 ple.-

135 920 214 963 num
241 897 384 962 militum
410 918 579 961 numerum
610 900 830 980 computatur,
863 897 918 962 sed
946 918 1012 962 non
1037 896 1153 981 plenus

137 989 202 1065 est,
231 1008 308 1051 nam
331 1007 391 1068 pro
414 984 445 1050 X
467 984 617 1049 tentoriis
645 985 810 1050 centuriae
837 989 911 1050 octo
934 988 1063 1050 tantum
1086 988 1154 1050 ten·

136 1074 226 1139 dunt.
270 1072 418 1158 Apparet
449 1077 527 1156 post
558 1078 732 1157 computate
761 1074 911 1138 lacunam
945 1095 1030 1156 esse,
1063 1074 1154 1138 cuius

136 1163 268 1247 signum
295 1163 331 1226 in
353 1165 446 1227 textu
472 1162 576 1247 posui.
621 1161 769 1246 Denique
796 1162 877 1227 illud
904 1182 1034 1244 mone0,
1064 1162 1155 1226 etin

135 1252 245 1316 verbis
268 1255 297 1316 et
317 1271 382 1316 aon
397 1252 473 1333 plus
497 1251 680 1336 significare
703 1257 732 1315 et
752 1271 786 1315 re
806 1271 888 1315 cero.

227 1360 253 1404 c.
274 1340 303 1404 2.
333 1340 487 1421 corporali
508 1345 545 1403 ut
564 1359 655 1405 muro
674 1341 812 1419 wocara]
836 1338 875 1403 In
894 1337 962 1402 eod.
976 1337 1154 1403 Arceriano

136 1431 188 1492 est
220 1429 255 1491 iu
282 1447 384 1505 muro,
418 1426 502 1510 quod
533 1427 613 1490 ferri
643 1448 710 1492 non
741 1449 838 1511 posse
870 1425 1032 1510 Langium
1060 1426 1155 1511 fugit.

135 1515 259 1581 Tamen
290 1515 358 1579 iam
390 1513 569 1580 Salmasius
602 1513 657 1599 (ad
684 1514 816 1598 Vopisc.
842 1514 898 1599 14)
931 1515 1072 1579 correxit
1102 1535 1155 1578 ceu
1198 1528 1200 1533 “

136 1625 236 1670 macro.
271 1602 344 1688 Ego
363 1608 399 1668 ut
415 1602 569 1687 praetuli,
593 1603 746 1687 quoniam
767 1603 903 1686 propius
927 1603 968 1667 ad
988 1603 1156 1669 Arceriani

136 1693 264 1758 litteras
288 1692 421 1757 aceedit.
900 1696 901 1699 ’

227 1782 321 1846 etiam
333 1783 411 1863 pede
428 1785 570 1845 mouente
587 1781 634 1845 ito
650 1780 853 1861 mandimus]
876 1779 907 1843 A
927 1780 1060 1844 exhibet
1077 1785 1106 1844 et
1122 1782 1158 1844 id

131 1872 209 1952 pede
227 1871 367 1934 mouenti
384 1871 450 1934 iam
464 1869 660 1947 mutavimus,
680 1869 781 1933 malui
799 1870 892 1933 etiam
911 1870 945 1932 et
961 1869 1016 1932 aa.
1043 1867 1155 1951 Lange

138 1958 282 2023 defendit
306 1955 427 2022 Schelii
449 1978 527 2041 mm,
549 1957 607 2021 sed
630 1978 703 2023 eum
723 1957 763 2022 ad
775 1958 963 2039 pedaturam
985 1960 1155 2038 protaseos

137 2044 260 2110 referat
284 2049 317 2110 et
333 2046 411 2127 pede
433 2066 492 2129 pro
514 2045 674 2129 pedatura
701 2046 823 2110 dictum
851 2066 921 2109 esse
943 2049 1032 2109 recte
1053 2047 1157 2128 putet,

139 2133 301 2200 eiusmodi
325 2133 521 2198 sententiam
550 2134 668 2199 effecit:
695 2133 854 2218 pedatura
879 2136 1032 2195 manente
1060 2132 1157 2214 peda-

137 2220 247 2288 turam
270 2221 480 2287 mutabimus.

228 2312 354 2395 quodsi]
379 2309 490 2395 Lange
509 2334 540 2395 p.
561 2310 625 2375 115
654 2332 688 2375 se
712 2308 939 2374 concinnitatis
967 2328 1039 2371 cum
1063 2329 1156 2392 supe-

138 2401 224 2464 riore
248 2400 470 2464 enuntiatione
494 2398 672 2463 servandae
700 2419 798 2464 causa
824 2397 947 2480 quoodo
974 2396 1157 2461 restituisse

139 2487 231 2552 dixit.
277 2486 340 2552 sed
363 2508 483 2570 quaeso
506 2488 689 2571 proximum
716 2485 871 2571 inspicias
900 2488 1010 2569 caput,
1039 2485 1087 2550 ibi
1110 2485 1156 2548 in·

138 2577 249 2641 venies
283 2574 394 2661 ‘igitur
420 2577 450 2642 si
476 2574 623 2661 legiones
653 2575 730 2657 ...',
761 2579 832 2640 tum
865 2574 1014 2657 ‘quotieas
1047 2577 1156 2639 autem

139 2665 281 2749 quinque
301 2663 447 2748 legiones
471 2662 552 2730 ...⁹2
574 2665 642 2730 iam
660 2683 851 2747 cognosces,
874 2665 1031 2747 quantum
1049 2662 1158 2727 valeat

138 2753 173 2816 in
196 2757 308 2817 nostro
332 2753 490 2837 scriptore
513 2753 572 2819 illa
594 2753 805 2818 concinnitas.

227 2843 310 2925 quod
332 2842 431 2922 fuerit
455 2843 567 2925 siquis,
597 2841 734 2907 tabulicw
761 2841 833 2922 erit,
861 2858 945 2903 nuuc
971 2839 1159 2921 semestripia

138 2931 342 3012 iactabimus]
372 2929 425 2994 Ab
449 2929 621 2995 Arceriani
648 2930 810 3012 scriptura
833 2930 942 2992 textus
969 2928 1018 2992 ita
1041 2926 1159 2992 consti·

138 3020 232 3083 tutus
255 3040 353 3102 quem
371 3019 505 3083 minime
523 3018 653 3083 recedit.
684 3017 811 3101 Restat,
829 3019 867 3083 ut
885 3038 1016 3082 sensum
1034 3018 1158 3079 rectum

64 3172 66 3176 .
140 3107 247 3171 inesse
278 3107 498 3172 emendationi
525 3128 616 3172 meae
644 3128 813 3190 exponam.
857 3104 1014 3190 Hyginus
1045 3104 1159 3167 nostro

139 3195 213 3260 loco
242 3196 290 3260 ita
318 3194 424 3260 docet:
457 3193 492 3260 si
519 3195 665 3280 legiones
697 3195 822 3280 plures,
855 3195 974 3260 auxilia
1005 3191 1159 3274 pauciora

141 3287 230 3365 sunt,
263 3283 413 3349 cohortes
443 3281 644 3368 legionariae
671 3283 814 3348 crebrius
844 3284 929 3347 circa
950 3280 1075 3347 vallum
1102 3299 1158 3360 po·

139 3373 265 3438 nendae
289 3375 375 3439 sunt.
412 3371 484 3437 Hoc
506 3371 554 3436 ita
577 3372 627 3454 fit,
650 3373 688 3436 ut
709 3370 868 3456 pedatura
887 3371 1103 3450 convertatur,
1125 3366 1159 3430 id

140 3465 192 3527 est
215 3465 252 3527 ut
274 3460 404 3547 longius
428 3459 699 3544 semistrigiorum
722 3459 808 3525 latus
832 3461 902 3524 loco
921 3457 1079 3522 brevioris
1102 3476 1159 3539 po·
