2452 3824
502 200 717 270 semiruto.
1076 205 1117 283 st

104 390 126 427 c.
137 380 177 430 15.
200 372 354 455 striganum
379 373 583 429 indicationem
637 373 788 444 erigerum
797 375 982 460 tictutioner'n
995 376 1117 449 (Schele)

138 445 418 582 deiiiiiafflirniorhm
436 559 442 573 .
458 557 465 570 .
481 558 487 570 .
637 446 921 584 dequeequqoiqrsfm
939 562 945 574 .
961 563 968 576 .
984 561 990 573 .

104 601 126 640 c.
139 592 180 640 16.
209 585 374 641 decuriones
401 587 431 641 et
457 586 582 655 reliquos
636 585 800 641 decuriones
832 591 862 643 et
888 589 1002 660 reliqui,
1032 595 1119 677 prout

172 659 410 726 ‘m
418 659 581 798 usur
671 659 1115 802 rm

101 884 124 922 c.
135 797 471 950 iiiliqriiilriiteuiegiones,
483 869 581 925 cohor·
634 798 1052 956 gfflqggqggffirpsffighgssissm
1068 874 1114 945 (A)

171 940 216 992 tes
227 938 341 1020 quintae
352 937 580 1067 iegssomsfflu'
670 939 801 996 cohortes
818 941 991 1011 legionariae

171 1024 223 1078 pra
241 1026 273 1062 1n
284 1025 352 1078 prae
366 1025 401 1063 en
414 1027 466 1065 urs
545 1029 580 1067 ae

172 1080 202 1132 et
220 1083 340 1148 quartae

101 1164 124 1205 c.
136 1155 177 1203 19.
197 1151 229 1204 et
245 1166 329 1220 super
347 1151 508 1207 subacturus

101 1226 176 1276 cto.
201 1221 314 1301 scholae
339 1222 501 1278 cohortibus
523 1223 579 1294 pri-

100 1375 123 1412 s.
134 1308 326 1416 septimii-os
341 1355 514 1433 compositae
523 1366 579 1421 for·

99 1518 121 1556 c.
133 1447 244 1572 unq}
262 1519 279 1557 e
298 1503 459 1560 cohortibus
478 1507 577 1577 primis

167 1573 288 1643 proximi
315 1575 431 1631 tendere
463 1578 577 1650 debent,

168 1643 310 1699 vexillarii
328 1645 484 1715 legionum
507 1649 577 1703 item

168 1712 515 1856 {urstisium
531 1735 576 1774 ⁰⁰'

98 1940 120 1978 c.
132 1930 175 1978 26.
194 1927 227 1978 ut
243 1925 346 1994 pedem

134 2009 168 2046 ex
187 1994 284 2049 eadem
303 1996 419 2052 cohorte

98 2079 120 2117 c.
131 2069 174 2119 27.
194 2065 335 2122 centurius
353 2068 386 2136 X,
406 2071 513 2125 turmas
532 2071 557 2125 X

132 2277 271 2332 centurius
286 2279 334 2350 VI,
352 2282 457 2334 tunnas
476 2280 516 2334 VI

96 2353 173 2402 cut).
203 2349 343 2404 centurias
375 2354 513 2406 stctorum
540 2381 574 2392 -

167 2418 388 2474 subacturiorum
396 2452 433 2461 -
444 2420 575 2490 ponimus

131 2488 284 2540 secundum
302 2491 493 2557 quaestorium

96 2574 118 2611 c.
129 2562 172 2614 30.
193 2557 267 2612 datis
285 2559 408 2614 numeris

130 2626 271 2684 vexillarii
290 2628 372 2686 0101)

131 2699 271 2824 cohortesI
298 2700 441 2770 equitetse
481 2701 573 2757 miliu-

166 2770 225 2826 ries
244 2772 257 2825 Ι

95 2859 118 2896 c.
130 2846 173 2896 31.
193 2843 265 2897 sicut
275 2845 447 2899 retenturum
456 2841 574 2898 fecimus

95 2916 171 2965 c.33.
191 2913 308 2968 stationi

95 2999 117 3039 c.
129 2985 172 3034 35.
192 2983 228 3034 ed
248 2982 293 3035 OD
311 2983 439 3039 homines

129 3049 319 3122 relinquemus
338 3056 505 3125 quingentos

94 3141 116 3179 c.
128 3128 169 3177 36.
183 3125 317 3193 potemmt
326 3140 387 3179 esse
396 3125 485 3179 latere
514 3142 574 3181 rae-

165 3196 293 3249 tenturee
314 3195 443 3251 cohortes

94 3283 116 3322 c.
128 3270 170 3319 37.
191 3266 215 3320 si
238 3265 353 3320 dictatis
377 3265 456 3320 mille
483 3266 573 3321 homi·

164 3337 246 3392 nibus
256 3353 340 3407 super
348 3353 573 3393 numerumcom-

163 3408 289 3479 positum
303 3439 337 3448 —
352 3407 430 3461 locus
445 3406 573 3478 adsigne-

163 3482 217 3549 tur,
237 3479 277 3534 sic
295 3476 439 3535 faciemus.

633 1150 683 1204 ubi
702 1153 731 1205 ct
749 1154 983 1222 supernumerarii

635 1221 749 1276 scholae
768 1222 926 1279 cohortium
943 1224 1090 1296 principiis

633 1379 763 1418 numeros
783 1364 954 1435 compositos
972 1366 1083 1422 formae

633 1503 681 1573 qui
704 1521 722 1559 s
744 1505 906 1560 cohortibus
931 1507 1030 1578 primis
1049 1525 1117 1579 pro-²

666 1575 735 1629 rimi
753 1576 869 1632 tendere
888 1577 1005 1646 dehent,
1024 1581 1060 1633 ut'
1067 1583 1112 1650 (A)

666 1645 807 1701 vexillarii
816 1646 973 1716 legionum
988 1649 1056 1704 item
1066 1667 1111 1704 ex-

665 1715 823 1786 ploratores
852 1717 927 1771 infra
953 1719 1059 1788 (Iiangs
1081 1721 1112 1774 in

665 1785 731 1840 hist.
746 1787 815 1840 mut.
826 1792 869 1853 70,
882 1789 909 1857 9)
930 1788 1047 1858 strigem
1066 1807 1112 1845 co-

666 1855 756 1909 hortis
774 1855 882 1926 primes

630 1928 660 1980 et
676 1927 778 1997 pedem

629 2014 663 2052 ex
682 2013 716 2052 ea
735 1998 850 2053 cohorte

629 2068 768 2135 centurius
800 2070 826 2123 X
857 2070 999 2140 pediturn,
1034 2071 1111 2140 equi·

663 2141 723 2193 tum
738 2139 836 2264 J{CXL
855 2141 907 2211 (its
924 2141 983 2196 iere
998 2142 1035 2212 A)
1054 2145 1110 2197 tur-

664 2226 724 2264 mas

629 2279 712 2334 omisi
732 2282 851 2334 ‘turmas
869 2281 919 2334 VI'
941 2298 1004 2334 cum
1022 2285 1055 2335 A.

630 2348 771 2404 centuriae
795 2351 934 2404 staterum
956 2382 989 2391 -
1015 2368 1109 2421 super-

664 2418 884 2474 numerariorum
902 2453 936 2462 -
957 2424 1107 2492 ponuntur.

628 2489 708 2543 iuxta
726 2490 917 2559 quaestorium

629 2559 710 2613 datos
728 2578 858 2615 numeros

629 2629 770 2684 vexillarii
788 2630 894 2689 clauc
913 2633 958 2702 (A)

629 2701 758 2756 cohortes
769 2701 912 2771 equitatus
921 2701 1059 2757 miliarias
1069 2702 1108 2758 ΠΙ

628 2840 703 2895 sicut
720 2840 751 2895 in
768 2841 912 2896 retentura
929 2841 1046 2896 fecimus

628 2911 750 2966 statione

628 2983 664 3036 ed
682 2981 730 3036 DC
748 2981 876 3037 homines
895 2984 940 3052 (A)

627 3051 730 3122 reliqui
748 3052 784 3122 (A
802 3052 920 3124 relique)
941 3054 1090 3124 quingenti

627 3123 734 3194 poterit
757 3139 818 3178 esse
840 3125 955 3179 tonsure
978 3125 1031 3195 (ite
1048 3126 1107 3179 fere

663 3194 698 3262 A)
713 3194 871 3248 cohortium
884 3195 970 3249 trium
984 3194 1106 3265 (Schele)

628 3264 653 3318 si
676 3264 778 3318 (tantm
799 3265 878 3319 mille
903 3265 1031 3320 homines
1055 3265 1108 3335 (ita

662 3335 721 3390 fere
730 3336 765 3406 A)
781 3352 863 3406 super
876 3352 1021 3391 numerum
1034 3352 1107 3390 com-

662 3406 799 3477 positum,
827 3407 906 3461 locus
929 3406 1105 3477 adsignetur3

664 3477 704 3531 sic
723 3476 871 3532 sociemus.

932 3560 972 3612 (ᾖ

1204 3528 1213 3601 ³
