2452 3824
249 232 360 288 LIBER
376 231 426 284 DE
445 229 712 286 MUNITIONIBUS
732 228 961 287 CASTRORUM.
1071 231 1114 296 31

98 398 211 478 unius,
239 398 273 460 ct
299 415 386 460 nunc
412 394 613 478 semistrigia
640 392 777 458 dicimus
799 391 841 476 V,
867 392 1039 477 quinquies
1063 389 1117 458 00

101 486 141 550 fit
163 482 248 551 010:
276 482 347 549 alae
374 482 533 547 miliarias
563 481 729 566 pedatura.
788 479 841 546 35.
863 479 1038 566 Reliquum
1061 503 1117 546 au·

101 577 170 638 tem
191 591 361 637 numerum
385 571 470 636 sicut
491 574 691 636 retenturam
710 572 947 652 computemus,
975 572 1013 634 ut
1036 570 1117 635 scia-

101 682 175 726 mus
197 659 357 745 similiter,
380 662 460 744 quot
483 658 685 742 semistrigia
708 661 893 723 nascantur.
930 656 984 722 Fit
1006 679 1117 724 nume·

99 771 156 814 rus
180 771 253 815 cum
272 747 432 832 pedatura
448 746 689 830 valetudinarii,
707 746 897 811 veterinarii
915 749 948 812 ct
965 746 1145 830 fabricae,s

100 860 183 921 quac
214 838 251 903 in
281 841 383 901 unum
414 836 455 901 ad
486 834 544 901 DO
580 835 728 900 homines
761 837 991 918 computantur
1019 834 1119 900 VIIII

101 927 204 990 milia.
249 923 414 990 Sumimus
441 925 621 1008 dimidiam,
652 923 692 988 fit
717 922 785 988 IIII
814 923 907 988 milia
936 921 975 987 D.
1017 921 1118 988 Semi·

101 1014 255 1101 strigium
278 1013 382 1097 partis
405 1013 559 1079 dimidiae
582 1009 842 1096 estDO.pedum
865 1033 924 1097 per
942 1011 1118 1096 longitudi-

100 1125 191 1188 nem,
214 1102 301 1188 quod
322 1101 353 1166 D
376 1100 525 1167 homines
549 1102 670 1185 capiet,
693 1102 777 1166 siout
800 1100 954 1184 diximus,
975 1100 1118 1184 peditem
1186 1163 1191 1171 ,

98 1192 263 1257 adiectam
290 1190 440 1275 quintam
468 1191 510 1256 ad
535 1191 652 1274 pedem
679 1190 836 1273 accipere.¹
886 1189 981 1255 Nihil
1006 1189 1118 1273 itaque
1132 1207 1159 1247 ro

100 1280 244 1362 intersit,
271 1279 313 1344 ad
332 1282 338 1357 Ι
356 1298 530 1344 numerum
562 1281 785 1362 computatum
813 1277 961 1362 quintam
988 1280 1215 1365 partemuaab²

101 1368 290 1451 adiciamus,
310 1389 352 1431 an
369 1387 447 1431 vero
466 1389 505 1432 cx
523 1367 738 1453 longitudine,
760 1370 797 1431 ut
814 1387 908 1450 nunc,
925 1363 984 1430 Dc
998 1365 1117 1449 pedum

99 1455 295 1521 deducamus
318 1457 447 1539 partem
467 1459 601 1521 sextam.
633 1455 763 1541 Reliqui
781 1454 965 1540 quingenti,
986 1456 1038 1520 tot
1060 1455 1118 1520 ho-

99 1547 205 1610 mines
229 1544 337 1627 capiet
360 1545 605 1630 semistrigium.

190 1632 242 1697 36.
279 1631 315 1696 si
341 1631 500 1696 habemus
532 1653 703 1696 numerum
732 1630 800 1695 IIII
826 1632 932 1714 milia,
961 1630 1159 1715 videmus,1⁵

103 1721 253 1805 quotiens
275 1719 469 1784 habeamus:
498 1719 583 1802 quod
612 1722 663 1783 est
691 1717 800 1782 octies.
850 1718 1001 1782 Totidem
1023 1719 1117 1783 semi-

102 1810 220 1894 strigia
246 1809 432 1873 nascuntur.
481 1806 536 1871 Fit
563 1803 687 1888 CCXL,
719 1809 753 1869 et
781 1806 962 1888 superiores
991 1826 1119 1889 compu-

100 1899 165 1962 tati
193 1897 331 1962 clarium
357 1896 455 1980 pedes
479 1892 573 1961 000:
605 1893 644 1957 fit
671 1895 706 1958 in
727 1915 826 1958 unum
850 1892 947 1958 DXL.
992 1893 1119 1959 Poterit

102 2006 173 2051 esse
195 1990 329 2051 teneura
352 1983 536 2049 cohortium
558 1981 623 2067 1113
645 1982 772 2047 faciunt
788 1981 886 2067 pedes
900 1980 1057 2065 DOOXX,
1079 2005 1118 2047 ex

104 2072 221 2158 quibus
244 2072 384 2157 decedit,
415 2073 502 2157 quod
528 2093 681 2138 numerus
709 2074 858 2156 occupat,
890 2072 991 2155 pedes
1015 2071 1116 2136 DXL:
1131 2089 1159 2130 20

101 2161 221 2244 reliqui
242 2163 341 2246 pedes
365 2160 523 2246 CLXXX,
547 2183 610 2245 quo
631 2159 680 2225 VI
704 2160 904 2245 remistrigia
926 2165 1117 2243 nascuntur,

101 2255 140 2315 ut
161 2272 247 2315 nunc
268 2250 425 2315 vicinaria
447 2251 501 2314 via
524 2271 621 2333 super
643 2248 812 2314 cohortem
832 2252 836 2327 Ι
857 2248 1009 2331 primam,
1038 2249 1117 2312 item
1128 2247 1215 2336 rata,

101 2359 238 2403 numero
261 2341 417 2421 quattuor
438 2338 557 2420 pedum
580 2338 710 2403 denum:
733 2338 773 2401 fit
795 2337 829 2401 in
850 2337 920 2401 vias
939 2337 1037 2421 pedes
1050 2335 1118 2401 LX.

100 2425 233 2508 Reliqui
255 2424 352 2506 pedes
367 2423 468 2508 OXX,
491 2447 572 2510 quos
592 2427 732 2491 scamnis
750 2426 958 2490 tribunorum
976 2429 1010 2490 et
1028 2426 1119 2510 lega·

104 2593 293 2652 lemistricia
373 2597 436 2652 sflt
454 2614 487 2653 co
568 2597 641 2653 aliae
659 2598 738 2654 mille
756 2599 922 2712 qedatnam
940 2615 1008 2654 corr.
1028 2599 1056 2653 L

103 2729 120 2777 3
136 2719 209 2776 sicut
227 2720 430 2776 retentaturam
500 2727 518 2775 4
532 2722 608 2791 quod
626 2721 800 2791 aemistritia
817 2724 969 2778 nascuntur
987 2738 1054 2777 corr.
1066 2721 1119 2777 sca

137 2789 417 2878 Qletudiuarium
436 2793 644 2848 veteranarium
661 2810 730 2851 corr.
740 2794 794 2850 Soli
848 2801 864 2850 6
882 2793 919 2847 ad
938 2791 974 2847 do
988 2791 1118 2847 homines

136 2881 218 2937 VllII
291 2879 444 2937 'Idimidia
462 2899 531 2938 corr.
554 2882 608 2939 Soli
678 2870 735 2936 ITII
751 2881 776 2934 D
794 2883 850 2937 hoc
868 2881 923 2936 erit
940 2867 1048 2938 aaron

102 2959 118 3008 9
138 2951 214 3021 quod
231 2951 367 3020 homines,
386 2955 497 3009 addidit
515 2953 568 3010 Set
585 2953 616 3008 D
711 2953 795 3064 qapet
818 2952 882 3020 sitq
906 2969 974 3008 corr.
994 2952 1049 3010 sus

103 3083 136 3130 11
155 3091 192 3128 an
209 3073 247 3128 ad
264 3076 410 3130 numemm
428 3076 455 3130 L
473 3077 550 3132 siccet
567 3094 608 3131 oa
677 3074 787 3145 quitum
861 3073 1119 3146 1211101311υῶ-

101 3162 168 3200 nem
222 3151 255 3200 13
270 3147 381 3216 partem
394 3146 434 3201 VI
487 3146 595 3231 relique
609 3145 779 3216 quingentos
834 3152 869 3200 14
882 3144 1083 3200 aemistricium

104 3239 136 3288 15
156 3233 212 3288 Sed
228 3234 365 3289 habemus
377 3251 524 3289 numerum
538 3235 592 3288 IIII
648 3233 788 3290 iehabca
805 3233 912 3289 corr.L
980 3232 1056 3300 quod
1073 3235 1120 3286 est

100 3304 168 3360 VIII
240 3310 273 3358 17
293 3305 435 3374 aestrigia.
519 3306 696 3360 retenturas
715 3305 845 3360 cohortes
864 3303 905 3358 III
923 3319 992 3359 corr.
1012 3303 1066 3359 Set

101 3383 136 3431 20
150 3375 236 3446 pedes
257 3373 348 3428 CCXL
367 3393 435 3432 corr.
455 3376 516 3431 Seu
597 3382 629 3430 21
646 3375 722 3445 quod
739 3373 902 3487 virestriqas
921 3389 991 3428 corr.
1010 3373 1066 3429 Sca

103 3504 137 3553 22
151 3498 219 3552 iuua
237 3515 321 3568 super
374 3498 699 3560 rescinderemus
749 3505 791 3556 ‘It
801 3494 1143 3569 qoosmmescmsux
1209 3538 1216 3605 ,

150 3595 272 3650 Gemoll,
285 3598 403 3650 Hyginus.
973 3586 997 3631 Q
