2452 3824
167 214 209 280 14
565 212 783 270 PRAEFATIO.

167 378 315 462 sequitur
338 399 377 442 ex
401 377 457 461 eis,
481 399 563 461 quae
587 399 686 460 supra
709 377 926 461 exposuimus.
967 376 1106 444 Prorsus
1131 402 1186 446 eo-

170 467 244 531 dem
267 466 363 532 modo
387 463 441 553 (cf.
466 487 491 531 c.
512 463 567 550 16)
591 465 644 530 ala
667 465 808 531 miliaria
830 464 959 531 XXIIII
980 469 1106 532 turmas
1129 468 1187 533 ha-

167 555 237 639 bet,
271 555 486 639 quingenario
513 553 601 619 XVI.
626 552 807 638 Apparet,
838 554 1007 639 Hyginum
1031 556 1096 621 o.3
1119 579 1186 622 non

167 646 317 708 accurate
350 644 455 709 dicere
489 642 615 707 ‘cohors
648 643 755 726 prima
788 676 830 690 -
864 643 1018 728 quoniam
1050 644 1185 729 duplum

166 753 337 796 numerum
359 732 461 797 habet
488 730 620 814 duplam
647 731 841 813 pedaturam
869 730 1028 814 accipiet'.
1074 730 1186 818 Spero,

165 842 217 884 me
250 819 368 906 Langii
397 841 537 885 errorem
565 820 738 902 detexisse,
771 841 834 903 quo
859 820 989 884 sublato
1012 842 1185 887 numerum

172 909 336 993 copiarum
355 910 389 973 in
408 910 618 992 praetentura
636 907 840 973 tendentium
855 907 953 973 VIIII
970 909 1062 973 milia
1083 910 1186 975 effeci-

166 1019 247 1080 mus,
271 1001 401 1062 servata
415 996 583 1063 Arceriani
602 996 762 1079 scriptura
781 995 834 1061 ‘ad
848 994 906 1061 Dc
924 997 1074 1062 homines
1099 1019 1184 1064 com·

165 1085 345 1169 putantur'.

256 1195 282 1239 c.
301 1174 354 1239 50.
384 1174 431 1238 Et
453 1173 549 1239 lorica
565 1193 669 1257 parco
690 1173 735 1255 fit.
770 1173 922 1240 Similiter
939 1178 1011 1238 onte
1026 1179 1134 1258 portos
1151 1180 1188 1240 at

167 1263 304 1342 titulum,
332 1267 376 1328 est
395 1263 483 1343 fosso
505 1263 549 1328 od
573 1262 703 1342 voltam]
733 1261 845 1348 Lange
874 1262 1006 1345 scripsit
1029 1261 1077 1344 ‘fit
1097 1264 1187 1329 ami·

167 1351 236 1415 liter
258 1356 330 1416 aaa
346 1356 456 1433 portas
478 1352 522 1415 od
543 1351 681 1433 titulum,
703 1360 738 1414 at
759 1351 803 1415 ad
820 1351 939 1431 fossam
961 1351 1087 1416 coltwm.
1122 1349 1185 1417 Sed

167 1438 278 1503 omisit
304 1439 401 1503 nobis
429 1438 572 1502 indicare
604 1439 724 1522 locum,
757 1459 820 1521 quo
850 1439 953 1503 lorica
985 1439 1185 1522 significaret

166 1527 289 1592 vallum
312 1528 429 1610 ipsum.
475 1525 558 1591 Tum
585 1526 768 1591 inauditum
790 1526 984 1592 munitionis
1007 1547 1108 1612 genus
1131 1547 1183 1591 ex-

167 1615 341 1700 cogitavit,
369 1616 479 1697 titulo,
507 1636 589 1699 quae
613 1612 668 1700 (cf.
691 1615 734 1678 49
759 1613 821 1702 ex.)
850 1615 940 1680 fossa
961 1637 1019 1698 per
1041 1615 1184 1681 latitudi-

165 1725 241 1768 nem
263 1708 432 1788 portarum
456 1703 552 1768 ducta
575 1707 639 1787 est,
665 1703 791 1768 vallum
814 1707 847 1769 et
870 1703 1057 1769 defensores
1080 1704 1187 1769 iniun-

166 1813 255 1877 gens.
300 1792 447 1858 Titulum
475 1791 547 1856 ideo
579 1792 753 1856 instruitur
785 1796 818 1857 et
849 1792 1022 1876 sexaginta
1054 1792 1185 1878 quidem

166 1880 264 1964 pedes
288 1885 363 1946 ante
386 1885 529 1964 portam,
552 1884 590 1944 ut
612 1880 718 1944 aditus
743 1880 783 1944 ad
806 1883 937 1963 portam
955 1881 1106 1946 hostibus
1125 1881 1188 1946 dif-

169 1969 288 2032 ficilior
316 1969 372 2046 stt,
399 1968 487 2031 vallo
512 1972 545 2032 et
568 1967 791 2033 defensoribus
819 1989 886 2033 non
911 1990 992 2052 opus
1016 1973 1079 2052 est,
1107 1990 1187 2054 quo·

169 2057 259 2121 niam
281 2057 349 2121 tela
373 2078 392 2120 a
414 2055 502 2120 vallo
527 2055 568 2120 ad
590 2055 726 2121 titulum
748 2056 844 2121 facile
868 2056 1050 2141 adiguntur.
1093 2056 1188 2134 Quod

167 2167 228 2210 nos
251 2145 387 2209 dicimus
412 2142 514 2208 ‘Fort'
538 2145 590 2208 vel
614 2144 699 2228 quod
723 2144 764 2209 ad
784 2144 932 2209 homines
956 2145 1098 2228 pertinet
1122 2145 1187 2211 ‘de-

168 2232 325 2299 tachirter
351 2231 484 2298 Postcn'
517 2233 706 2317 antiquitati
737 2233 888 2318 ignotum
911 2233 975 2299 fuit
998 2234 1037 2298 cf.
1056 2233 1188 2302 Vitruv.

170 2323 197 2405 1,
214 2321 256 2386 15
274 2321 476 2387 ‘collocanda
495 2325 604 2386 autem
624 2321 744 2405 oppida
767 2326 843 2387 sunt
860 2343 928 2386 non
946 2322 1105 2406 quadrata
1128 2344 1189 2388 nec

166 2411 432 2493 procurrentibus
457 2411 587 2495 angulis
611 2409 689 2477 ...'.

257 2520 283 2562 c.
301 2497 353 2564 51.
382 2519 477 2580 nepae
499 2499 601 2582 lapide
622 2499 729 2564 mobili
745 2499 811 2564 uisi
831 2497 1047 2582 wafraposam
1066 2499 1187 2566 vatam

166 2588 270 2652 extrui
285 2586 403 2670 potest]
436 2586 606 2652 Arceriani
632 2589 788 2670 comosum
817 2587 853 2651 in
880 2588 1096 2671 confragosam
1118 2609 1188 2652 mu·

165 2676 247 2759 tavi,
275 2688 394 2741 sensus
423 2676 509 2740 enim
541 2676 680 2760 requirit
712 2675 905 2741 adiectivum
938 2675 1084 2761 aliquod,
1121 2697 1187 2760 quo

165 2764 245 2829 valli
282 2764 432 2829 soliditas
469 2764 522 2828 vel
558 2765 717 2829 tenacitas
754 2765 966 2847 vituperetur.
1019 2762 1070 2828 De
1107 2784 1187 2830 voce

167 2851 403 2939 ‘confragosus'
426 2853 498 2935 ipsa
521 2852 561 2916 cf.
576 2851 756 2919 Columella
778 2853 808 2936 2,
823 2853 888 2936 2,8
913 2853 1088 2937 ‘lapidibus
1111 2873 1187 2917 con·

166 2940 330 3023 fragosus'
362 2944 394 3006 et
417 2939 606 3006 Lachmann
634 2941 872 3026 agrimensores
901 2940 1050 3006 Romani.
1097 2939 1187 3006 Satis

166 3028 247 3094 trita
264 3051 327 3094 vox
343 3029 428 3112 apud
447 3029 683 3114 agrimensores
702 3029 804 3094 fuisse
818 3028 955 3114 videtur,
974 3034 1060 3094 certe
1078 3029 1185 3094 tribus

166 3118 247 3183 locis
271 3118 306 3181 in
329 3117 469 3182 editione
491 3117 757 3183 Lachmanniana
779 3118 904 3202 inveni,
927 3142 958 3202 p.
973 3119 1016 3183 24
1039 3116 1187 3182 Frontin.

167 3206 222 3272 lib.
241 3206 258 3270 I
281 3205 487 3292 ‘confragosa
510 3207 583 3272 loca
605 3229 669 3291 qua
686 3207 750 3271 iter
768 3206 839 3270 fieri
856 3228 924 3272 non
942 3203 1074 3290 potest’,
1096 3228 1128 3289 p.
1143 3205 1187 3270 32

167 3293 446 3382 ‘confragosorum
460 3295 606 3360 locorum
619 3293 870 3379 iniquitatibus,
883 3317 914 3378 p.
922 3296 965 3361 33
977 3294 1061 3361 ‘loca
1070 3315 1187 3377 aspera

159 3386 197 3442 et
212 3385 413 3467 confragosa
430 3383 518 3449 saxis
536 3380 701 3471 (Hyginus
720 3385 760 3448 de
778 3383 909 3449 limitib.
924 3379 1187 3468 constituendis).

233 3489 258 3529 a
280 3470 336 3534 55,
371 3493 414 3539 ea
432 3492 469 3539 eo
492 3473 609 3557 medio]
635 3472 684 3541 ita
708 3472 849 3558 correxi,
865 3473 954 3538 bunc
973 3473 1083 3536 locum
1104 3468 1184 3535 refe-
