<?xml version="1.0" encoding="UTF-8"?>
<!DOCTYPE html PUBLIC "-//W3C//DTD XHTML 1.0 Transitional//EN"
    "http://www.w3.org/TR/xhtml1/DTD/xhtml1-transitional.dtd">
<html xmlns="http://www.w3.org/1999/xhtml" xml:lang="en" lang="en">
 <head>
  <title>
</title>
<meta http-equiv="Content-Type" content="text/html;charset=utf-8" />
  <meta name='ocr-system' content='tesseract 3.04.00' />
  <meta name='ocr-capabilities' content='ocr_page ocr_carea ocr_par ocr_line ocrx_word'/>
</head>
<body>
  <div class='ocr_page' id='page_1' title='image "./hyginigromatici01gemogoog_0029.png"; bbox 0 0 2452 3824; ppageno 0'>
   <div class='ocr_carea' id='block_1_1' title="bbox 75 188 655 256">
    <p class='ocr_par' dir='ltr' id='par_1_1' title="bbox 75 188 655 256">
     <span class='ocr_line' id='line_1_1' title="bbox 75 188 655 256; baseline 0.003 -13"><span class='ocrx_word' id='word_1_1' title='bbox 75 191 120 256; x_wconf 80' lang='grc'>22</span> <span class='ocrx_word' id='word_1_2' title='bbox 522 188 655 246; x_wconf 85' lang='lat' dir='ltr'>HYGINI</span> 
     </span>
    </p>
   </div>
   <div class='ocr_carea' id='block_1_2' title="bbox 0 351 1105 2472">
    <p class='ocr_par' dir='ltr' id='par_1_2' title="bbox 0 351 1105 2032">
     <span class='ocr_line' id='line_1_2' title="bbox 0 351 1105 441; baseline -0.004 -17"><span class='ocrx_word' id='word_1_3' title='bbox 0 370 64 441; x_wconf 85' lang='lat' dir='ltr'>8bl</span> <span class='ocrx_word' id='word_1_4' title='bbox 78 354 152 419; x_wconf 92' lang='lat' dir='ltr'>dere</span> <span class='ocrx_word' id='word_1_5' title='bbox 173 355 178 438; x_wconf 90' lang='grc' dir='ltr'>Ι</span> <span class='ocrx_word' id='word_1_6' title='bbox 198 353 317 419; x_wconf 91' lang='lat' dir='ltr'>debent</span> <span class='ocrx_word' id='word_1_7' title='bbox 335 357 368 418; x_wconf 83' lang='lat' dir='ltr'>et</span> <span class='ocrx_word' id='word_1_8' title='bbox 387 352 519 438; x_wconf 90' lang='lat' dir='ltr'>duplam</span> <span class='ocrx_word' id='word_1_9' title='bbox 541 351 733 436; x_wconf 89' lang='lat' dir='ltr'>pedaturam</span> <span class='ocrx_word' id='word_1_10' title='bbox 751 351 905 436; x_wconf 83' lang='lat' dir='ltr'>recipere,</span> <span class='ocrx_word' id='word_1_11' title='bbox 923 353 1010 436; x_wconf 90' lang='lat' dir='ltr'>quod</span> <span class='ocrx_word' id='word_1_12' title='bbox 1028 357 1105 420; x_wconf 87' lang='lat' dir='ltr'>ten·</span> 
     </span>
     <span class='ocr_line' id='line_1_3' title="bbox 74 440 1103 524; baseline 0.001 -16"><span class='ocrx_word' id='word_1_13' title='bbox 74 443 168 508; x_wconf 88' lang='lat' dir='ltr'>toriis</span> <span class='ocrx_word' id='word_1_14' title='bbox 190 442 368 508; x_wconf 87' lang='lat' dir='ltr'>maioribus</span> <span class='ocrx_word' id='word_1_15' title='bbox 395 444 538 507; x_wconf 88' lang='lat' dir='ltr'>utantur.</span> <span class='ocrx_word' id='word_1_16' title='bbox 587 440 811 524; x_wconf 88' lang='lat' dir='ltr'>Primipilares</span> <span class='ocrx_word' id='word_1_17' title='bbox 839 440 938 504; x_wconf 89' lang='lat' dir='ltr'>etiam</span> <span class='ocrx_word' id='word_1_18' title='bbox 967 445 1001 506; x_wconf 86' lang='lat' dir='ltr'>et</span> <span class='ocrx_word' id='word_1_19' title='bbox 1025 465 1103 509; x_wconf 88' lang='lat' dir='ltr'>evo·</span> 
     </span>
     <span class='ocr_line' id='line_1_4' title="bbox 75 528 1103 615; baseline 0.001 -19"><span class='ocrx_word' id='word_1_20' title='bbox 75 531 140 597; x_wconf 92' lang='lat' dir='ltr'>cati</span> <span class='ocrx_word' id='word_1_21' title='bbox 164 531 198 595; x_wconf 88' lang='lat' dir='ltr'>in</span> <span class='ocrx_word' id='word_1_22' title='bbox 222 531 334 595; x_wconf 89' lang='lat' dir='ltr'>eadem</span> <span class='ocrx_word' id='word_1_23' title='bbox 358 530 517 615; x_wconf 87' lang='lat' dir='ltr'>pedatura</span> <span class='ocrx_word' id='word_1_24' title='bbox 539 529 647 594; x_wconf 90' lang='lat' dir='ltr'>locum</span> <span class='ocrx_word' id='word_1_25' title='bbox 671 529 843 613; x_wconf 85' lang='lat' dir='ltr'>accipiunt.</span> <span class='ocrx_word' id='word_1_26' title='bbox 905 531 933 594; x_wconf 77' lang='lat'>7.</span> <span class='ocrx_word' id='word_1_27' title='bbox 956 528 1103 614; x_wconf 79' lang='lat' dir='ltr'>Equites</span> 
     </span>
     <span class='ocr_line' id='line_1_5' title="bbox 75 617 1103 703; baseline 0.002 -20"><span class='ocrx_word' id='word_1_28' title='bbox 75 619 274 703; x_wconf 83' lang='lat' dir='ltr'>praetoriani</span> <span class='ocrx_word' id='word_1_29' title='bbox 298 618 400 683; x_wconf 89' lang='lat' dir='ltr'>latere</span> <span class='ocrx_word' id='word_1_30' title='bbox 423 618 536 682; x_wconf 89' lang='lat' dir='ltr'>dextro</span> <span class='ocrx_word' id='word_1_31' title='bbox 560 617 726 701; x_wconf 85' lang='lat' dir='ltr'>praetorii,</span> <span class='ocrx_word' id='word_1_32' title='bbox 751 617 933 701; x_wconf 82' lang='lat' dir='ltr'><strong>singulares</strong></span> <span class='ocrx_word' id='word_1_33' title='bbox 957 618 1103 702; x_wconf 87' lang='lat' dir='ltr'>impera-</span> 
     </span>
     <span class='ocr_line' id='line_1_6' title="bbox 48 705 1102 794; baseline 0 -22"><span class='ocrx_word' id='word_1_34' title='bbox 48 708 158 773; x_wconf 72' lang='lat' dir='ltr'>storis</span> <span class='ocrx_word' id='word_1_35' title='bbox 181 708 284 772; x_wconf 88' lang='lat' dir='ltr'>latere</span> <span class='ocrx_word' id='word_1_36' title='bbox 308 708 451 772; x_wconf 86' lang='lat' dir='ltr'>sinistro.</span> <span class='ocrx_word' id='word_1_37' title='bbox 482 705 626 782; x_wconf 80' lang='lat' dir='ltr'>Quorum</span> <span class='ocrx_word' id='word_1_38' title='bbox 646 706 675 771; x_wconf 93' lang='lat' dir='ltr'>si</span> <span class='ocrx_word' id='word_1_39' title='bbox 694 706 798 770; x_wconf 86' lang='lat' dir='ltr'>maior</span> <span class='ocrx_word' id='word_1_40' title='bbox 815 726 967 771; x_wconf 89' lang='lat' dir='ltr'>numerus</span> <span class='ocrx_word' id='word_1_41' title='bbox 986 707 1102 794; x_wconf 66' lang='lat' dir='ltr'>fuerit7</span> 
     </span>
     <span class='ocr_line' id='line_1_7' title="bbox 74 791 1099 880; baseline 0.002 -20"><span class='ocrx_word' id='word_1_42' title='bbox 74 799 194 880; x_wconf 89' lang='lat' dir='ltr'>utputa</span> <span class='ocrx_word' id='word_1_43' title='bbox 217 796 398 880; x_wconf 80' lang='lat' dir='ltr'>singulares</span> <span class='ocrx_word' id='word_1_44' title='bbox 421 792 492 878; x_wconf 80' lang='lat' dir='ltr'>DC,</span> <span class='ocrx_word' id='word_1_45' title='bbox 522 794 721 879; x_wconf 89' lang='lat' dir='ltr'>praetoriani</span> <span class='ocrx_word' id='word_1_46' title='bbox 744 791 838 879; x_wconf 82' lang='grc'>000,</span> <span class='ocrx_word' id='word_1_47' title='bbox 865 798 1020 877; x_wconf 85' lang='lat' dir='ltr'>poterunt</span> <span class='ocrx_word' id='word_1_48' title='bbox 1043 795 1099 863; x_wconf 70' lang='lat'>01,</span> 
     </span>
     <span class='ocr_line' id='line_1_8' title="bbox 76 881 1100 972; baseline 0.001 -24"><span class='ocrx_word' id='word_1_49' title='bbox 76 885 261 968; x_wconf 83' lang='lat' dir='ltr'>singulares</span> <span class='ocrx_word' id='word_1_50' title='bbox 284 885 319 948; x_wconf 91' lang='lat' dir='ltr'>in</span> <span class='ocrx_word' id='word_1_51' title='bbox 342 884 447 969; x_wconf 84' lang='lat' dir='ltr'>striga</span> <span class='ocrx_word' id='word_1_52' title='bbox 473 883 755 967; x_wconf 85' lang='lat' dir='ltr'>praetorianorum</span> <span class='ocrx_word' id='word_1_53' title='bbox 782 881 923 948; x_wconf 89' lang='lat' dir='ltr'>tendere.</span> <span class='ocrx_word' id='word_1_54' title='bbox 971 882 1027 949; x_wconf 91' lang='lat' dir='ltr'>Ita</span> <span class='ocrx_word' id='word_1_55' title='bbox 1049 885 1100 972; x_wconf 78' lang='lat' dir='ltr'>fic,</span> 
     </span>
     <span class='ocr_line' id='line_1_9' title="bbox 75 971 1100 1057; baseline 0.002 -19"><span class='ocrx_word' id='word_1_56' title='bbox 75 976 113 1038; x_wconf 88' lang='lat' dir='ltr'>ut</span> <span class='ocrx_word' id='word_1_57' title='bbox 137 976 169 1037; x_wconf 93' lang='lat' dir='ltr'>et</span> <span class='ocrx_word' id='word_1_58' title='bbox 190 973 261 1057; x_wconf 89' lang='lat' dir='ltr'>pari</span> <span class='ocrx_word' id='word_1_59' title='bbox 285 994 421 1037; x_wconf 91' lang='lat' dir='ltr'>numero</span> <span class='ocrx_word' id='word_1_60' title='bbox 442 971 593 1056; x_wconf 91' lang='lat' dir='ltr'>dispositi</span> <span class='ocrx_word' id='word_1_61' title='bbox 613 971 801 1036; x_wconf 83' lang='lat' dir='ltr'>decuriones</span> <span class='ocrx_word' id='word_1_62' title='bbox 821 973 854 1036; x_wconf 88' lang='lat' dir='ltr'>et</span> <span class='ocrx_word' id='word_1_63' title='bbox 875 972 992 1056; x_wconf 84' lang='lat' dir='ltr'>reliqui</span> <span class='ocrx_word' id='word_1_64' title='bbox 1010 974 1100 1056; x_wconf 87' lang='lat' dir='ltr'>prin-</span> 
     </span>
     <span class='ocr_line' id='line_1_10' title="bbox 78 1059 1100 1144; baseline 0.003 -18"><span class='ocrx_word' id='word_1_65' title='bbox 78 1061 199 1144; x_wconf 89' lang='lat' dir='ltr'>cipales</span> <span class='ocrx_word' id='word_1_66' title='bbox 225 1082 336 1126; x_wconf 91' lang='lat' dir='ltr'>eorum</span> <span class='ocrx_word' id='word_1_67' title='bbox 358 1060 452 1125; x_wconf 88' lang='lat' dir='ltr'>binos</span> <span class='ocrx_word' id='word_1_68' title='bbox 476 1081 576 1144; x_wconf 91' lang='lat' dir='ltr'>equos</span> <span class='ocrx_word' id='word_1_69' title='bbox 595 1059 797 1143; x_wconf 76' lang='lat' dir='ltr'>possidentes</span> <span class='ocrx_word' id='word_1_70' title='bbox 815 1061 1008 1143; x_wconf 86' lang='lat' dir='ltr'>propensius</span> <span class='ocrx_word' id='word_1_71' title='bbox 1027 1066 1100 1129; x_wconf 85' lang='lat' dir='ltr'>ten·</span> 
     </span>
     <span class='ocr_line' id='line_1_11' title="bbox 0 1144 1100 1235; baseline 0.001 -19"><span class='ocrx_word' id='word_1_72' title='bbox 0 1148 167 1235; x_wconf 52' lang='lat' dir='ltr'>sudant</span> <span class='ocrx_word' id='word_1_73' title='bbox 212 1148 258 1214; x_wconf 81' lang='lat' dir='ltr'>Et</span> <span class='ocrx_word' id='word_1_74' title='bbox 285 1150 314 1214; x_wconf 90' lang='lat' dir='ltr'>si</span> <span class='ocrx_word' id='word_1_75' title='bbox 341 1149 449 1214; x_wconf 90' lang='lat' dir='ltr'>minor</span> <span class='ocrx_word' id='word_1_76' title='bbox 474 1168 627 1213; x_wconf 90' lang='lat' dir='ltr'>numerus</span> <span class='ocrx_word' id='word_1_77' title='bbox 659 1144 880 1234; x_wconf 71' lang='lat' dir='ltr'>utrorumlque</span> <span class='ocrx_word' id='word_1_78' title='bbox 912 1148 1024 1233; x_wconf 84' lang='lat' dir='ltr'>fuerit,</span> <span class='ocrx_word' id='word_1_79' title='bbox 1061 1156 1100 1217; x_wconf 85' lang='lat' dir='ltr'>ut</span> 
     </span>
     <span class='ocr_line' id='line_1_12' title="bbox 34 1235 1099 1322; baseline 0.001 -19"><span class='ocrx_word' id='word_1_80' title='bbox 34 1274 62 1313; x_wconf 70' lang='grc' dir='ltr'><strong>ῃ</strong></span> <span class='ocrx_word' id='word_1_81' title='bbox 77 1237 221 1303; x_wconf 90' lang='lat' dir='ltr'>centenis</span> <span class='ocrx_word' id='word_1_82' title='bbox 240 1238 402 1322; x_wconf 90' lang='lat' dir='ltr'>equitibus</span> <span class='ocrx_word' id='word_1_83' title='bbox 422 1236 630 1321; x_wconf 89' lang='lat' dir='ltr'>semistrigiis</span> <span class='ocrx_word' id='word_1_84' title='bbox 651 1236 718 1301; x_wconf 89' lang='lat' dir='ltr'>suis</span> <span class='ocrx_word' id='word_1_85' title='bbox 737 1235 841 1301; x_wconf 85' lang='lat' dir='ltr'>laxius</span> <span class='ocrx_word' id='word_1_86' title='bbox 860 1236 1007 1322; x_wconf 86' lang='lat' dir='ltr'>tendant,</span> <span class='ocrx_word' id='word_1_87' title='bbox 1029 1260 1099 1304; x_wconf 89' lang='lat' dir='ltr'>non</span> 
     </span>
     <span class='ocr_line' id='line_1_13' title="bbox 75 1325 1097 1411; baseline 0.003 -20"><span class='ocrx_word' id='word_1_88' title='bbox 75 1326 141 1391; x_wconf 87' lang='lat' dir='ltr'>erit</span> <span class='ocrx_word' id='word_1_89' title='bbox 162 1326 403 1409; x_wconf 85' lang='lat' dir='ltr'>haesitandum,</span> <span class='ocrx_word' id='word_1_90' title='bbox 432 1325 586 1411; x_wconf 84' lang='lat' dir='ltr'>quoniam</span> <span class='ocrx_word' id='word_1_91' title='bbox 614 1325 810 1390; x_wconf 87' lang='lat' dir='ltr'>officialibus</span> <span class='ocrx_word' id='word_1_92' title='bbox 834 1325 930 1389; x_wconf 83' lang='lat' dir='ltr'>lateri</span> <span class='ocrx_word' id='word_1_93' title='bbox 961 1325 1097 1395; x_wconf 87' lang='lat' dir='ltr'>sinistro</span> 
     </span>
     <span class='ocr_line' id='line_1_14' title="bbox 75 1412 1098 1498; baseline 0.005 -21"><span class='ocrx_word' id='word_1_94' title='bbox 75 1415 235 1498; x_wconf 85' lang='lat' dir='ltr'>proximis</span> <span class='ocrx_word' id='word_1_95' title='bbox 259 1414 306 1478; x_wconf 92' lang='lat' dir='ltr'>ibi</span> <span class='ocrx_word' id='word_1_96' title='bbox 328 1413 486 1496; x_wconf 85' lang='lat' dir='ltr'>pedatura</span> <span class='ocrx_word' id='word_1_97' title='bbox 505 1414 704 1498; x_wconf 76' lang='lat' dir='ltr'>adsignetur.</span> <span class='ocrx_word' id='word_1_98' title='bbox 751 1414 781 1479; x_wconf 87' lang='grc'>8.</span> <span class='ocrx_word' id='word_1_99' title='bbox 801 1412 924 1488; x_wconf 83' lang='lat' dir='ltr'>Quodsi</span> <span class='ocrx_word' id='word_1_100' title='bbox 943 1414 1098 1482; x_wconf 86' lang='lat' dir='ltr'>cohortes</span> 
     </span>
     <span class='ocr_line' id='line_1_15' title="bbox 76 1501 1098 1585; baseline 0.006 -21"><span class='ocrx_word' id='word_1_101' title='bbox 76 1503 262 1585; x_wconf 73' lang='lat' dir='ltr'>praetoriae</span> <span class='ocrx_word' id='word_1_102' title='bbox 284 1501 426 1585; x_wconf 90' lang='lat' dir='ltr'>impares</span> <span class='ocrx_word' id='word_1_103' title='bbox 445 1504 597 1585; x_wconf 83' lang='lat' dir='ltr'>acceptae</span> <span class='ocrx_word' id='word_1_104' title='bbox 615 1501 745 1585; x_wconf 83' lang='lat' dir='ltr'>fuerint,</span> <span class='ocrx_word' id='word_1_105' title='bbox 768 1501 921 1585; x_wconf 83' lang='lat' dir='ltr'>quoniam</span> <span class='ocrx_word' id='word_1_106' title='bbox 940 1525 1098 1570; x_wconf 90' lang='lat' dir='ltr'>numerus</span> 
     </span>
     <span class='ocr_line' id='line_1_16' title="bbox 37 1589 1097 1680; baseline 0.009 -32"><span class='ocrx_word' id='word_1_107' title='bbox 37 1608 64 1649; x_wconf 80' lang='lat' dir='ltr'>rr</span> <span class='ocrx_word' id='word_1_108' title='bbox 79 1593 112 1654; x_wconf 88' lang='lat' dir='ltr'>et</span> <span class='ocrx_word' id='word_1_109' title='bbox 135 1589 306 1680; x_wconf 87' lang='lat' dir='ltr'>dispositio</span> <span class='ocrx_word' id='word_1_110' title='bbox 325 1589 438 1654; x_wconf 88' lang='lat' dir='ltr'>dextra</span> <span class='ocrx_word' id='word_1_111' title='bbox 460 1590 617 1674; x_wconf 84' lang='lat' dir='ltr'>laevaque</span> <span class='ocrx_word' id='word_1_112' title='bbox 640 1590 797 1672; x_wconf 88' lang='lat' dir='ltr'>praetorii</span> <span class='ocrx_word' id='word_1_113' title='bbox 821 1590 1097 1676; x_wconf 89' lang='lat' dir='ltr'>semistrigiorum</span> 
     </span>
     <span class='ocr_line' id='line_1_17' title="bbox 78 1677 1098 1764; baseline 0.005 -22"><span class='ocrx_word' id='word_1_114' title='bbox 78 1700 97 1742; x_wconf 92' lang='lat' dir='ltr'>a</span> <span class='ocrx_word' id='word_1_115' title='bbox 120 1678 254 1762; x_wconf 90' lang='lat' dir='ltr'>paribus</span> <span class='ocrx_word' id='word_1_116' title='bbox 282 1699 352 1742; x_wconf 91' lang='lat' dir='ltr'>esse</span> <span class='ocrx_word' id='word_1_117' title='bbox 380 1678 511 1757; x_wconf 91' lang='lat' dir='ltr'>debent,</span> <span class='ocrx_word' id='word_1_118' title='bbox 544 1678 616 1743; x_wconf 92' lang='lat' dir='ltr'>loco</span> <span class='ocrx_word' id='word_1_119' title='bbox 645 1677 787 1742; x_wconf 83' lang='lat' dir='ltr'>cohortis</span> <span class='ocrx_word' id='word_1_120' title='bbox 817 1677 940 1764; x_wconf 90' lang='lat' dir='ltr'>equites</span> <span class='ocrx_word' id='word_1_121' title='bbox 964 1685 1098 1762; x_wconf 85' lang='lat' dir='ltr'>praeto-</span> 
     </span>
     <span class='ocr_line' id='line_1_18' title="bbox 76 1765 1098 1853; baseline 0.005 -22"><span class='ocrx_word' id='word_1_122' title='bbox 76 1767 161 1832; x_wconf 83' lang='lat' dir='ltr'>riani</span> <span class='ocrx_word' id='word_1_123' title='bbox 193 1770 363 1850; x_wconf 88' lang='lat' dir='ltr'>ponentur.</span> <span class='ocrx_word' id='word_1_124' title='bbox 410 1765 598 1853; x_wconf 83' lang='lat' dir='ltr'>Singulares</span> <span class='ocrx_word' id='word_1_125' title='bbox 631 1770 742 1831; x_wconf 85' lang='lat' dir='ltr'>sutem</span> <span class='ocrx_word' id='word_1_126' title='bbox 770 1767 895 1850; x_wconf 88' lang='lat' dir='ltr'>equites</span> <span class='ocrx_word' id='word_1_127' title='bbox 927 1767 956 1831; x_wconf 92' lang='lat' dir='ltr'>si</span> <span class='ocrx_word' id='word_1_128' title='bbox 982 1767 1098 1836; x_wconf 77' lang='grc'>0000</span> 
     </span>
     <span class='ocr_line' id='line_1_19' title="bbox 77 1853 1096 1941; baseline 0.004 -21"><span class='ocrx_word' id='word_1_129' title='bbox 77 1861 134 1920; x_wconf 88' lang='lat' dir='ltr'>aut</span> <span class='ocrx_word' id='word_1_130' title='bbox 152 1853 288 1920; x_wconf 79' lang='lat' dir='ltr'>DOOCO</span> <span class='ocrx_word' id='word_1_131' title='bbox 312 1855 446 1938; x_wconf 82' lang='lat' dir='ltr'>fuerint,</span> <span class='ocrx_word' id='word_1_132' title='bbox 469 1855 542 1938; x_wconf 90' lang='lat' dir='ltr'>pari</span> <span class='ocrx_word' id='word_1_133' title='bbox 559 1875 694 1919; x_wconf 90' lang='lat' dir='ltr'>numero</span> <span class='ocrx_word' id='word_1_134' title='bbox 713 1854 852 1938; x_wconf 86' lang='lat' dir='ltr'>integris</span> <span class='ocrx_word' id='word_1_135' title='bbox 876 1855 989 1941; x_wconf 89' lang='lat' dir='ltr'>strigis</span> <span class='ocrx_word' id='word_1_136' title='bbox 1014 1857 1096 1924; x_wconf 75' lang='lat' dir='ltr'>late</span> 
     </span>
     <span class='ocr_line' id='line_1_20' title="bbox 75 1942 1097 2032; baseline 0.006 -26"><span class='ocrx_word' id='word_1_137' title='bbox 75 1943 169 2008; x_wconf 88' lang='lat' dir='ltr'>ribus</span> <span class='ocrx_word' id='word_1_138' title='bbox 192 1942 325 2007; x_wconf 90' lang='lat' dir='ltr'>tendere</span> <span class='ocrx_word' id='word_1_139' title='bbox 349 1943 525 2021; x_wconf 90' lang='lat' dir='ltr'>debebunt,</span> <span class='ocrx_word' id='word_1_140' title='bbox 558 1944 585 2007; x_wconf 89' lang='lat' dir='ltr'>si</span> <span class='ocrx_word' id='word_1_141' title='bbox 609 1942 651 2007; x_wconf 89' lang='lat' dir='ltr'>ad</span> <span class='ocrx_word' id='word_1_142' title='bbox 673 1942 703 2006; x_wconf 92' lang='lat' dir='ltr'>D</span> <span class='ocrx_word' id='word_1_143' title='bbox 726 1942 861 2028; x_wconf 83' lang='lat' dir='ltr'>fuerint,</span> <span class='ocrx_word' id='word_1_144' title='bbox 894 1944 1097 2032; x_wconf 88' lang='lat' dir='ltr'>semistrigia</span> 
     </span>
    </p>

    <p class='ocr_par' dir='ltr' id='par_1_3' title="bbox 0 2030 1099 2472">
     <span class='ocr_line' id='line_1_21' title="bbox 35 2030 322 2096; baseline -0.007 0"><span class='ocrx_word' id='word_1_145' title='bbox 35 2049 63 2089; x_wconf 82' lang='lat'>2⁰</span> <span class='ocrx_word' id='word_1_146' title='bbox 78 2032 125 2096; x_wconf 89' lang='lat' dir='ltr'>eis</span> <span class='ocrx_word' id='word_1_147' title='bbox 149 2030 322 2095; x_wconf 86' lang='lat' dir='ltr'>sufficiant.</span> 
     </span>
     <span class='ocr_line' id='line_1_22' title="bbox 0 2115 1097 2206; baseline 0.005 -24"><span class='ocrx_word' id='word_1_148' title='bbox 0 2139 64 2205; x_wconf 53' lang='lat' dir='ltr'>sal</span> <span class='ocrx_word' id='word_1_149' title='bbox 167 2119 197 2182; x_wconf 85' lang='lat'>9.</span> <span class='ocrx_word' id='word_1_150' title='bbox 229 2118 315 2183; x_wconf 92' lang='lat' dir='ltr'>Illud</span> <span class='ocrx_word' id='word_1_151' title='bbox 338 2118 478 2182; x_wconf 88' lang='lat' dir='ltr'>maxime</span> <span class='ocrx_word' id='word_1_152' title='bbox 502 2115 684 2206; x_wconf 72' lang='lat' dir='ltr'>obserlvare</span> <span class='ocrx_word' id='word_1_153' title='bbox 713 2117 916 2204; x_wconf 85' lang='lat' dir='ltr'>debebimus,</span> <span class='ocrx_word' id='word_1_154' title='bbox 947 2126 985 2186; x_wconf 90' lang='lat' dir='ltr'>ut</span> <span class='ocrx_word' id='word_1_155' title='bbox 1008 2123 1097 2188; x_wconf 90' lang='lat' dir='ltr'>latus</span> 
     </span>
     <span class='ocr_line' id='line_1_23' title="bbox 75 2204 1097 2294; baseline 0.005 -23"><span class='ocrx_word' id='word_1_156' title='bbox 75 2207 232 2291; x_wconf 89' lang='lat' dir='ltr'>praetorii</span> <span class='ocrx_word' id='word_1_157' title='bbox 260 2228 327 2272; x_wconf 92' lang='lat' dir='ltr'>non</span> <span class='ocrx_word' id='word_1_158' title='bbox 353 2207 427 2291; x_wconf 91' lang='lat' dir='ltr'>plus</span> <span class='ocrx_word' id='word_1_159' title='bbox 455 2228 553 2292; x_wconf 90' lang='lat' dir='ltr'>quam</span> <span class='ocrx_word' id='word_1_160' title='bbox 575 2204 723 2271; x_wconf 81' lang='lat' dir='ltr'>DOOXX</span> <span class='ocrx_word' id='word_1_161' title='bbox 750 2208 848 2292; x_wconf 91' lang='lat' dir='ltr'>pedes</span> <span class='ocrx_word' id='word_1_162' title='bbox 876 2208 1097 2294; x_wconf 86' lang='lat' dir='ltr'>longitudinis</span> 
     </span>
     <span class='ocr_line' id='line_1_24' title="bbox 77 2295 1099 2381; baseline 0.006 -21"><span class='ocrx_word' id='word_1_163' title='bbox 77 2295 226 2380; x_wconf 88' lang='lat' dir='ltr'>accipiat.</span> <span class='ocrx_word' id='word_1_164' title='bbox 257 2295 454 2380; x_wconf 70' lang='lat' dir='ltr'>luneque</span> <span class='ocrx_word' id='word_1_165' title='bbox 477 2295 627 2360; x_wconf 82' lang='lat' dir='ltr'>cohortes</span> <span class='ocrx_word' id='word_1_166' title='bbox 650 2295 777 2379; x_wconf 86' lang='lat' dir='ltr'>primae</span> <span class='ocrx_word' id='word_1_167' title='bbox 801 2301 834 2362; x_wconf 89' lang='lat' dir='ltr'>et</span> <span class='ocrx_word' id='word_1_168' title='bbox 855 2298 1038 2381; x_wconf 82' lang='lat' dir='ltr'>praetoriae</span> <span class='ocrx_word' id='word_1_169' title='bbox 1065 2303 1099 2366; x_wconf 88' lang='lat' dir='ltr'>et</span> 
     </span>
     <span class='ocr_line' id='line_1_25' title="bbox 75 2384 1098 2472; baseline 0.006 -24"><span class='ocrx_word' id='word_1_170' title='bbox 75 2385 221 2468; x_wconf 89' lang='lat' dir='ltr'>reliquus</span> <span class='ocrx_word' id='word_1_171' title='bbox 244 2405 410 2468; x_wconf 85' lang='lat' dir='ltr'>numerus,</span> <span class='ocrx_word' id='word_1_172' title='bbox 435 2384 490 2468; x_wconf 92' lang='lat' dir='ltr'>qui</span> <span class='ocrx_word' id='word_1_173' title='bbox 513 2384 616 2448; x_wconf 90' lang='lat' dir='ltr'>latere</span> <span class='ocrx_word' id='word_1_174' title='bbox 638 2385 795 2468; x_wconf 86' lang='lat' dir='ltr'>praetorii</span> <span class='ocrx_word' id='word_1_175' title='bbox 816 2385 934 2470; x_wconf 87' lang='lat' dir='ltr'>tendit,</span> <span class='ocrx_word' id='word_1_176' title='bbox 957 2386 1098 2472; x_wconf 86' lang='lat' dir='ltr'>integris</span> 
     </span>
    </p>
   </div>
   <div class='ocr_carea' id='block_1_3' title="bbox 32 2472 1098 2646">
    <p class='ocr_par' dir='ltr' id='par_1_4' title="bbox 32 2472 1098 2646">
     <span class='ocr_line' id='line_1_26' title="bbox 32 2472 1098 2558; baseline 0.01 -28"><span class='ocrx_word' id='word_1_177' title='bbox 32 2489 63 2530; x_wconf 79' lang='lat'>25</span> <span class='ocrx_word' id='word_1_178' title='bbox 79 2473 192 2556; x_wconf 82' lang='lat' dir='ltr'>strigis</span> <span class='ocrx_word' id='word_1_179' title='bbox 216 2495 275 2536; x_wconf 91' lang='lat' dir='ltr'>sua</span> <span class='ocrx_word' id='word_1_180' title='bbox 297 2472 454 2557; x_wconf 81' lang='lat' dir='ltr'>pedatura</span> <span class='ocrx_word' id='word_1_181' title='bbox 478 2474 599 2556; x_wconf 92' lang='lat' dir='ltr'>optime</span> <span class='ocrx_word' id='word_1_182' title='bbox 622 2472 768 2538; x_wconf 89' lang='lat' dir='ltr'>tendant.</span> <span class='ocrx_word' id='word_1_183' title='bbox 812 2472 913 2558; x_wconf 86' lang='lat' dir='ltr'>Nam,</span> <span class='ocrx_word' id='word_1_184' title='bbox 936 2478 1098 2558; x_wconf 86' lang='lat' dir='ltr'>quantum</span> 
     </span>
     <span class='ocr_line' id='line_1_27' title="bbox 78 2560 1096 2646; baseline 0.003 -20"><span class='ocrx_word' id='word_1_185' title='bbox 78 2561 120 2626; x_wconf 84' lang='lat' dir='ltr'>ad</span> <span class='ocrx_word' id='word_1_186' title='bbox 155 2560 362 2626; x_wconf 87' lang='lat' dir='ltr'>latitudinem</span> <span class='ocrx_word' id='word_1_187' title='bbox 399 2561 555 2644; x_wconf 88' lang='lat' dir='ltr'>praetorii</span> <span class='ocrx_word' id='word_1_188' title='bbox 585 2561 688 2626; x_wconf 90' lang='lat' dir='ltr'>totius</span> <span class='ocrx_word' id='word_1_189' title='bbox 722 2561 854 2646; x_wconf 86' lang='lat' dir='ltr'>attinet,</span> <span class='ocrx_word' id='word_1_190' title='bbox 891 2584 910 2626; x_wconf 91' lang='lat' dir='ltr'>a</span> <span class='ocrx_word' id='word_1_191' title='bbox 938 2560 1022 2628; x_wconf 79' lang='lat' dir='ltr'>CLX</span> <span class='ocrx_word' id='word_1_192' title='bbox 1055 2563 1096 2629; x_wconf 91' lang='lat' dir='ltr'>ad</span> 
     </span>
    </p>
   </div>
   <div class='ocr_carea' id='block_1_4' title="bbox 54 2750 1097 3520">
    <p class='ocr_par' dir='ltr' id='par_1_5' title="bbox 74 2750 1097 3033">
     <span class='ocr_line' id='line_1_28' title="bbox 78 2750 1059 2822; baseline 0.003 -16"><span class='ocrx_word' id='word_1_193' title='bbox 78 2759 92 2806; x_wconf 92' lang='lat'>1</span> <span class='ocrx_word' id='word_1_194' title='bbox 107 2754 140 2806; x_wconf 86' lang='lat' dir='ltr'>ut</span> <span class='ocrx_word' id='word_1_195' title='bbox 160 2751 276 2821; x_wconf 87' lang='lat' dir='ltr'>duplam</span> <span class='ocrx_word' id='word_1_196' title='bbox 326 2758 342 2805; x_wconf 99' lang='grc'>2</span> <span class='ocrx_word' id='word_1_197' title='bbox 357 2750 507 2822; x_wconf 89' lang='lat' dir='ltr'>temporib.</span> <span class='ocrx_word' id='word_1_198' title='bbox 522 2750 637 2806; x_wconf 87' lang='lat' dir='ltr'>maioris</span> <span class='ocrx_word' id='word_1_199' title='bbox 651 2768 721 2808; x_wconf 83' lang='lat' dir='ltr'>corr.</span> <span class='ocrx_word' id='word_1_200' title='bbox 732 2751 785 2806; x_wconf 75' lang='lat' dir='ltr'>sa</span> <span class='ocrx_word' id='word_1_201' title='bbox 855 2751 1059 2822; x_wconf 86' lang='lat' dir='ltr'>Primipilarib.</span> 
     </span>
     <span class='ocr_line' id='line_1_29' title="bbox 74 2820 1096 2893; baseline 0.003 -17"><span class='ocrx_word' id='word_1_202' title='bbox 74 2839 140 2876; x_wconf 91' lang='lat' dir='ltr'>eum</span> <span class='ocrx_word' id='word_1_203' title='bbox 159 2822 216 2876; x_wconf 85' lang='lat' dir='ltr'>cati</span> <span class='ocrx_word' id='word_1_204' title='bbox 235 2839 303 2878; x_wconf 84' lang='lat' dir='ltr'>corr.</span> <span class='ocrx_word' id='word_1_205' title='bbox 320 2823 403 2878; x_wconf 78' lang='lat' dir='ltr'>Post.</span> <span class='ocrx_word' id='word_1_206' title='bbox 463 2821 629 2891; x_wconf 77' lang='lat' dir='ltr'>sAequites</span> <span class='ocrx_word' id='word_1_207' title='bbox 647 2820 819 2892; x_wconf 78' lang='lat' dir='ltr'>praetoriani</span> <span class='ocrx_word' id='word_1_208' title='bbox 877 2822 1096 2893; x_wconf 83' lang='lat' dir='ltr'>4imperatores</span> 
     </span>
     <span class='ocr_line' id='line_1_30' title="bbox 112 2892 1045 2964; baseline 0.001 -16"><span class='ocrx_word' id='word_1_209' title='bbox 112 2899 128 2948; x_wconf 82' lang='lat'><strong>5</strong></span> <span class='ocrx_word' id='word_1_210' title='bbox 142 2892 232 2948; x_wconf 89' lang='lat' dir='ltr'>latere</span> <span class='ocrx_word' id='word_1_211' title='bbox 252 2898 310 2948; x_wconf 80' lang='lat' dir='ltr'>siro.</span> <span class='ocrx_word' id='word_1_212' title='bbox 330 2908 400 2948; x_wconf 82' lang='lat' dir='ltr'>corr.</span> <span class='ocrx_word' id='word_1_213' title='bbox 420 2892 574 2948; x_wconf 77' lang='lat' dir='ltr'>Scriverius</span> <span class='ocrx_word' id='word_1_214' title='bbox 590 2895 623 2948; x_wconf 80' lang='lat' dir='ltr'>ia</span> <span class='ocrx_word' id='word_1_215' title='bbox 640 2894 764 2964; x_wconf 72' lang='lat' dir='ltr'>margine</span> <span class='ocrx_word' id='word_1_216' title='bbox 781 2893 809 2945; x_wconf 77' lang='lat' dir='ltr'><strong><em>A</em></strong></span> <span class='ocrx_word' id='word_1_217' title='bbox 881 2901 897 2947; x_wconf 87' lang='lat'>6</span> <span class='ocrx_word' id='word_1_218' title='bbox 911 2893 1045 2963; x_wconf 85' lang='lat' dir='ltr'>poterint.</span> 
     </span>
     <span class='ocr_line' id='line_1_31' title="bbox 76 2962 1097 3033; baseline 0.006 -16"><span class='ocrx_word' id='word_1_219' title='bbox 76 2970 92 3017; x_wconf 83' lang='lat'>‘1</span> <span class='ocrx_word' id='word_1_220' title='bbox 107 2962 149 3017; x_wconf 87' lang='lat' dir='ltr'>ita</span> <span class='ocrx_word' id='word_1_221' title='bbox 168 2963 209 3017; x_wconf 86' lang='lat' dir='ltr'>sic</span> <span class='ocrx_word' id='word_1_222' title='bbox 226 2964 260 3018; x_wconf 86' lang='lat' dir='ltr'>ut</span> <span class='ocrx_word' id='word_1_223' title='bbox 278 2962 380 3019; x_wconf 70' lang='lat' dir='ltr'>corula</span> <span class='ocrx_word' id='word_1_224' title='bbox 429 2970 446 3018; x_wconf 84' lang='grc'>9</span> <span class='ocrx_word' id='word_1_225' title='bbox 461 2962 543 3018; x_wconf 86' lang='lat' dir='ltr'>vinos</span> <span class='ocrx_word' id='word_1_226' title='bbox 557 2973 668 3033; x_wconf 64' lang='lat' dir='ltr'>aequosj</span> <span class='ocrx_word' id='word_1_227' title='bbox 701 2969 735 3018; x_wconf 90' lang='lat'>10</span> <span class='ocrx_word' id='word_1_228' title='bbox 748 2962 947 3032; x_wconf 76' lang='lat' dir='ltr'>virorumquae</span> <span class='ocrx_word' id='word_1_229' title='bbox 961 2981 1030 3022; x_wconf 87' lang='lat' dir='ltr'>corr.</span> <span class='ocrx_word' id='word_1_230' title='bbox 1040 2966 1097 3022; x_wconf 80' lang='lat' dir='ltr'>Scb</span> 
     </span>
    </p>

    <p class='ocr_par' dir='ltr' id='par_1_6' title="bbox 54 3032 1096 3520">
     <span class='ocr_line' id='line_1_32' title="bbox 113 3032 1096 3102; baseline 0.004 -14"><span class='ocrx_word' id='word_1_231' title='bbox 113 3040 145 3088; x_wconf 91' lang='lat'>11</span> <span class='ocrx_word' id='word_1_232' title='bbox 161 3032 295 3102; x_wconf 86' lang='lat' dir='ltr'>aequitib.</span> <span class='ocrx_word' id='word_1_233' title='bbox 364 3032 517 3088; x_wconf 89' lang='lat' dir='ltr'>aemitricis</span> <span class='ocrx_word' id='word_1_234' title='bbox 591 3040 624 3088; x_wconf 92' lang='grc'>12</span> <span class='ocrx_word' id='word_1_235' title='bbox 643 3032 819 3088; x_wconf 89' lang='lat' dir='ltr'>aesitandum</span> <span class='ocrx_word' id='word_1_236' title='bbox 890 3033 973 3089; x_wconf 88' lang='lat' dir='ltr'>lateri</span> <span class='ocrx_word' id='word_1_237' title='bbox 999 3037 1096 3092; x_wconf 86' lang='lat' dir='ltr'>vestro</span> 
     </span>
     <span class='ocr_line' id='line_1_33' title="bbox 75 3103 1096 3186; baseline 0.002 -26"><span class='ocrx_word' id='word_1_238' title='bbox 75 3121 144 3161; x_wconf 78' lang='lat' dir='ltr'>corr.</span> <span class='ocrx_word' id='word_1_239' title='bbox 155 3103 191 3161; x_wconf 71' lang='lat'>12.</span> <span class='ocrx_word' id='word_1_240' title='bbox 244 3110 276 3159; x_wconf 78' lang='lat'>13</span> <span class='ocrx_word' id='word_1_241' title='bbox 291 3104 488 3175; x_wconf 83' lang='lat' dir='ltr'>adsignaretur</span> <span class='ocrx_word' id='word_1_242' title='bbox 561 3105 660 3159; x_wconf 88' lang='lat' dir='ltr'>cohors</span> <span class='ocrx_word' id='word_1_243' title='bbox 674 3105 832 3186; x_wconf 87' lang='lat' dir='ltr'>praetoriae</span> <span class='ocrx_word' id='word_1_244' title='bbox 849 3105 962 3175; x_wconf 88' lang='lat' dir='ltr'>inpares</span> <span class='ocrx_word' id='word_1_245' title='bbox 977 3109 1096 3178; x_wconf 86' lang='lat' dir='ltr'>accepto</span> 
     </span>
     <span class='ocr_line' id='line_1_34' title="bbox 74 3174 1096 3246; baseline 0.003 -17"><span class='ocrx_word' id='word_1_246' title='bbox 74 3174 162 3230; x_wconf 82' lang='lat' dir='ltr'>fuerit</span> <span class='ocrx_word' id='word_1_247' title='bbox 212 3174 351 3245; x_wconf 79' lang='lat' dir='ltr'>151evaq.</span> <span class='ocrx_word' id='word_1_248' title='bbox 406 3174 583 3230; x_wconf 88' lang='lat' dir='ltr'>centuriones</span> <span class='ocrx_word' id='word_1_249' title='bbox 598 3191 616 3229; x_wconf 91' lang='lat' dir='ltr'>a</span> <span class='ocrx_word' id='word_1_250' title='bbox 629 3175 743 3246; x_wconf 82' lang='lat' dir='ltr'>paribus</span> <span class='ocrx_word' id='word_1_251' title='bbox 781 3183 814 3231; x_wconf 88' lang='lat'>16</span> <span class='ocrx_word' id='word_1_252' title='bbox 825 3174 952 3244; x_wconf 84' lang='lat' dir='ltr'>aequites</span> <span class='ocrx_word' id='word_1_253' title='bbox 990 3178 1096 3232; x_wconf 63' lang='grc'>171111-</span> 
     </span>
     <span class='ocr_line' id='line_1_35' title="bbox 75 3245 1059 3316; baseline 0.003 -16"><span class='ocrx_word' id='word_1_254' title='bbox 75 3245 182 3316; x_wconf 87' lang='lat' dir='ltr'>gularis</span> <span class='ocrx_word' id='word_1_255' title='bbox 200 3247 295 3300; x_wconf 85' lang='lat' dir='ltr'>autem</span> <span class='ocrx_word' id='word_1_256' title='bbox 314 3263 337 3303; x_wconf 91' lang='lat' dir='ltr'>c.</span> <span class='ocrx_word' id='word_1_257' title='bbox 357 3247 464 3302; x_wconf 70' lang='lat' dir='ltr'>cerm]</span> <span class='ocrx_word' id='word_1_258' title='bbox 525 3253 560 3301; x_wconf 87' lang='lat'>18</span> <span class='ocrx_word' id='word_1_259' title='bbox 574 3245 708 3316; x_wconf 86' lang='lat' dir='ltr'>sintegris</span> <span class='ocrx_word' id='word_1_260' title='bbox 774 3253 807 3301; x_wconf 82' lang='lat'>19</span> <span class='ocrx_word' id='word_1_261' title='bbox 823 3246 860 3301; x_wconf 90' lang='lat' dir='ltr'>ad</span> <span class='ocrx_word' id='word_1_262' title='bbox 877 3262 928 3301; x_wconf 90' lang='lat' dir='ltr'>nos</span> <span class='ocrx_word' id='word_1_263' title='bbox 947 3263 1016 3303; x_wconf 80' lang='lat' dir='ltr'>corr.</span> <span class='ocrx_word' id='word_1_264' title='bbox 1031 3249 1059 3302; x_wconf 86' lang='lat' dir='ltr'><strong><em>L</em></strong></span> 
     </span>
     <span class='ocr_line' id='line_1_36' title="bbox 73 3315 1095 3387; baseline 0.003 -16"><span class='ocrx_word' id='word_1_265' title='bbox 73 3318 107 3371; x_wconf 84' lang='lat' dir='ltr'>ut</span> <span class='ocrx_word' id='word_1_266' title='bbox 125 3316 216 3387; x_wconf 85' lang='lat' dir='ltr'>striga</span> <span class='ocrx_word' id='word_1_267' title='bbox 233 3316 335 3374; x_wconf 75' lang='lat' dir='ltr'>coraL</span> <span class='ocrx_word' id='word_1_268' title='bbox 392 3323 428 3374; x_wconf 86' lang='grc'>20</span> <span class='ocrx_word' id='word_1_269' title='bbox 442 3318 487 3372; x_wconf 90' lang='lat' dir='ltr'>est</span> <span class='ocrx_word' id='word_1_270' title='bbox 504 3315 627 3371; x_wconf 85' lang='lat' dir='ltr'>sufficiat</span> <span class='ocrx_word' id='word_1_271' title='bbox 645 3316 751 3374; x_wconf 64' lang='lat' dir='ltr'>eorm}</span> <span class='ocrx_word' id='word_1_272' title='bbox 813 3323 846 3372; x_wconf 89' lang='grc'>21</span> <span class='ocrx_word' id='word_1_273' title='bbox 862 3315 946 3372; x_wconf 90' lang='lat' dir='ltr'>Illum</span> <span class='ocrx_word' id='word_1_274' title='bbox 1019 3318 1095 3374; x_wconf 81' lang='lat' dir='ltr'>latus</span> 
     </span>
     <span class='ocr_line' id='line_1_37' title="bbox 71 3386 1095 3458; baseline 0.004 -18"><span class='ocrx_word' id='word_1_275' title='bbox 71 3404 103 3457; x_wconf 85' lang='lat' dir='ltr'>p.</span> <span class='ocrx_word' id='word_1_276' title='bbox 122 3387 141 3444; x_wconf 86' lang='lat' dir='ltr'>l.</span> <span class='ocrx_word' id='word_1_277' title='bbox 159 3387 250 3442; x_wconf 85' lang='lat' dir='ltr'>actori</span> <span class='ocrx_word' id='word_1_278' title='bbox 269 3404 338 3444; x_wconf 85' lang='lat' dir='ltr'>corr.</span> <span class='ocrx_word' id='word_1_279' title='bbox 349 3387 403 3444; x_wconf 76' lang='lat' dir='ltr'>Sela</span> <span class='ocrx_word' id='word_1_280' title='bbox 475 3393 509 3442; x_wconf 83' lang='grc'>23</span> <span class='ocrx_word' id='word_1_281' title='bbox 527 3386 612 3458; x_wconf 89' lang='lat' dir='ltr'>primi</span> <span class='ocrx_word' id='word_1_282' title='bbox 632 3387 745 3442; x_wconf 80' lang='lat' dir='ltr'>ilerinm</span> <span class='ocrx_word' id='word_1_283' title='bbox 764 3387 887 3443; x_wconf 82' lang='lat' dir='ltr'>actoriee</span> <span class='ocrx_word' id='word_1_284' title='bbox 951 3394 986 3443; x_wconf 84' lang='grc'>24</span> <span class='ocrx_word' id='word_1_285' title='bbox 1004 3388 1095 3445; x_wconf 84' lang='lat' dir='ltr'>latere</span> 
     </span>
     <span class='ocr_line' id='line_1_38' title="bbox 54 3456 609 3520; baseline 0.009 -12"><span class='ocrx_word' id='word_1_286' title='bbox 54 3457 205 3520; x_wconf 73' lang='lat' dir='ltr'>praeterii</span> <span class='ocrx_word' id='word_1_287' title='bbox 275 3464 313 3514; x_wconf 79' lang='lat'>26</span> <span class='ocrx_word' id='word_1_288' title='bbox 330 3458 445 3515; x_wconf 85' lang='lat' dir='ltr'>adtinet</span> <span class='ocrx_word' id='word_1_289' title='bbox 517 3461 548 3514; x_wconf 86' lang='lat' dir='ltr'>at</span> <span class='ocrx_word' id='word_1_290' title='bbox 566 3456 609 3513; x_wconf 82' lang='grc'>00</span> 
     </span>
    </p>
   </div>
   <div class='ocr_carea' id='block_1_5' title="bbox 0 0 1230 3824">
    <p class='ocr_par' dir='ltr' id='par_1_7' title="bbox 0 0 1230 3824">
     <span class='ocr_line' id='line_1_39' title="bbox 0 0 1230 3824; baseline 0 1"><span class='ocrx_word' id='word_1_291' title='bbox 0 0 1230 3824; x_wconf 95' lang='lat' dir='ltr'> </span> 
     </span>
    </p>
   </div>
  </div>
 </body>
</html>
