2452 3824
69 219 114 283 30
508 217 642 273 HYGINI

69 380 220 532 llportibus
244 380 435 464 legionariis
459 382 537 465 quid
559 381 708 446 tabulino
734 382 788 447 vel
811 382 905 465 signo
929 380 1006 447 dare
1034 381 1089 446 de·

94 490 213 534 eamus.

0 579 57 644 ea,
159 557 211 623 32.
227 555 230 645 l
248 556 427 623 Observare
446 559 556 642 itaque
574 557 772 641 debebimus,
789 559 835 641 ut,
850 558 1002 642 quotiens
1020 526 1092 623 tres

70 646 215 730 legiones
243 666 317 710 cum
333 644 577 729 ¹supplementis
606 649 758 729 acceptae
786 646 920 725 fuerint,
952 645 1090 712 dimidia

44 752 146 817 spara
175 738 356 799 castrorum
378 731 527 800 DOOXX
553 735 650 818 pedes
674 735 858 800 latitudinis
887 735 1023 818 habeat,
1057 736 1090 799 et

70 823 229 887 lateribus
263 826 445 888 castrorum
477 822 668 889 cohortibus
699 823 847 889 tabulino
879 821 952 905 XO,
984 823 1089 907 signis

71 909 183 977 OOXL
206 911 304 995 pedes
328 911 551 997 adsignemus,
574 915 623 996 ut,
646 912 784 977 deducte
807 911 956 976 tabulina
976 911 1092 976 cohor-

71 1000 156 1064 tium
184 1002 217 1064 et
244 999 415 1064 latitudine
446 1001 519 1065 viae
548 1000 723 1084 sagularis,
754 1000 872 1084 reliqui
898 996 957 1064 De
989 999 1090 1083 pedes

73 1088 249 1174 supersint3
276 1091 314 1152 ut
338 1085 417 1154 alae
432 1088 594 1153 miliarias
617 1089 653 1153 in
674 1091 883 1171 praetentura
911 1087 951 1154 ad
974 1086 1091 1172 pedem

33 1194 59 1234 ιο
72 1176 216 1241 tendant.
257 1173 305 1241 Ut
326 1198 412 1243 nunc
435 1180 618 1242 statuamus
644 1177 787 1261 reliques
815 1177 913 1260 pedes
936 1173 1009 1260 De,
1037 1198 1095 1241 exv

72 1264 198 1347 plemus
222 1265 309 1329 latus
336 1288 438 1330 unum
463 1265 634 1349 praetorii,
662 1269 700 1330 ut
727 1265 881 1347 sciamus,
911 1269 991 1349 quot
1019 1265 1092 1329 alae

0 1352 1091 1525 ³³*lilttt⁹littltfittdtlllclttllltttttss

73 1527 172 1610 pedes
198 1527 270 1611 LX,
293 1528 436 1593 statione
456 1530 554 1613 pedes
573 1464 653 1614 IllX,
685 1529 858 1594 comitibus
879 1490 1092 1612 imperatoris

34 1636 61 1678 15
74 1617 181 1681 nostri
203 1617 301 1700 pedes
320 1615 391 1701 LX,
413 1617 448 1681 in
470 1619 540 1684 vias
560 1617 658 1702 pedes
677 1616 749 1701 XL,
772 1617 859 1701 quod
881 1618 949 1682 fere
972 1619 1007 1682 in
1030 1617 1093 1683 hac

74 1705 249 1770 latitudine
272 1707 321 1769 ita
343 1706 442 1771 fuerit
466 1706 650 1791 dispositio:
673 1706 757 1771 fiunt
778 1704 836 1772 De
859 1706 968 1790 pedes.

164 1793 216 1858 34.
253 1792 349 1860 Nune
374 1798 618 1878 praetenturam
644 1797 682 1861 ut
705 1816 951 1879 componamus,
980 1816 1094 1860 nume·

74 1883 1094 2039 soledeessuloquensinducitur

36 2059 174 2123 redebet
201 2057 254 2122 ala
280 1993 441 2122 miliariap
454 2059 556 2143 signis
589 2059 686 2142 pedes
714 2057 781 2143 CL,
812 2060 962 2125 tabulino
994 1995 1094 2146 pluas

75 2142 144 2211 De.
188 2145 261 2212 Hac
288 2147 414 2212 ratione
441 2148 539 2230 pedes
567 2145 621 2213 eL
653 2147 799 2213 efficiunt
827 2149 1028 2234 semistrigia
1055 2149 1095 2215 V.

77 2234 208 2318 Accipit
239 2257 337 2321 eques
364 2235 415 2301 HI
444 2235 544 2319 pedes
576 2237 611 2301 in
642 2237 847 2321 longitudine
879 2237 999 2322 pedum
1027 2235 1095 2324 De,

78 2346 170 2389 sumo
194 2327 322 2408 partem
343 2324 490 2405 tertiam,
520 2328 558 2389 ut
579 2323 719 2390 habeam
747 2327 892 2409 equitum
914 2348 1095 2410 numerum,

0 2413 133 2503 ab,qui
154 2413 190 2476 in
213 2435 252 2476 ea
274 2409 487 2499 lonlgitudine
506 2413 653 2479 tendent:
676 2414 715 2479 fit
733 2411 800 2498 OG,
824 2414 886 2479 erit
904 2414 1095 2501 semistrigii

77 2569 307 2640 4supplimentis
377 2568 593 2624 olatitudinem
664 2569 720 2624 81)
740 2570 853 2624 centum
870 2570 957 2640 pedes
1030 2569 1096 2625 9in

77 2640 235 2711 pedituram
315 2646 348 2695 10
366 2641 454 2710 pedes
473 2642 628 2695 statuamus
702 2646 735 2695 11
751 2639 888 2711 explimus
955 2639 1094 2712 praetoris

131 2728 208 2798 quod
230 2729 293 2784 alae
317 2745 386 2786 συνν.
406 2729 485 2786 Serio
506 2731 539 2784 ia
561 2745 665 2800 morpp.
689 2728 744 2784 Bc
826 2736 859 2784 12
904 2729 1097 2785 raetenturam

78 2801 209 2856 tensurae
228 2803 294 2855 sunt
312 2818 381 2856 συνν.
395 2800 448 2856 Seli
519 2806 553 2854 13
571 2799 698 2869 praetori
714 2801 803 2870 pedes
823 2799 865 2854 CO
890 2800 941 2855 XX
959 2817 1028 2857 συνν.
1043 2800 1097 2857 Seli

113 2870 249 2940 praetorii
267 2888 336 2928 συνν.
347 2871 431 2927 Salm.
495 2876 529 2925 14
548 2869 665 2925 stationi
737 2870 879 2926 communi
896 2887 964 2928 συνν.
975 2872 1059 2928 Salen.

81 3000 114 3049 15
132 2994 193 3049 vias
212 2992 334 3065 pedesL
354 3009 423 3050 συνν.
443 2991 526 3048 Salm.
603 2955 668 3048 ibae
685 2992 875 3050 latitudinem.
951 3002 984 3051 16
1002 2994 1096 3067 DG77

79 3064 212 3121 candele
286 3071 318 3120 17
338 3062 369 3117 id
387 3079 585 3133 componamus
604 3064 737 3120 corcScb
809 3071 841 3120 18
861 3081 922 3135 aeq.
941 3067 1062 3122 alenium

82 3160 115 3209 19
133 3141 188 3208 Π
205 3155 300 3223 partes
320 3150 439 3207 dimidia
455 3140 483 3204 Π
501 3169 569 3208 συνν.
584 3152 639 3208 Seli
714 3159 749 3208 20
768 3153 872 3208 debent
890 3154 936 3208 ala
954 3170 1023 3211 συνν.
1044 3155 1099 3210 Seli

116 3230 149 3278 21
164 3241 198 3279 ac
216 3224 327 3280 ratione
404 3222 557 3278 emistricio
576 3223 688 3294 accepit
705 3224 839 3281 oorr.Seb
917 3231 950 3280 22
970 3225 1096 3294 aequites

80 3295 121 3348 III
140 3294 191 3350 sed
205 3294 236 3349 in
249 3293 437 3365 longitudinis
455 3311 524 3351 συνν.
539 3294 593 3351 Sele
663 3301 697 3349 23
716 3294 840 3350 habeant
857 3295 983 3366 aequites
1001 3312 1098 3351 nume-

80 3383 142 3419 rum
160 3383 228 3423 συνν.
248 3366 302 3424 Seli
322 3438 332 3479 i
374 3371 409 3421 24
431 3365 463 3420 in
481 3382 514 3421 eo
532 3362 740 3435 longitudinem
758 3366 856 3422 tendet
874 3383 943 3424 συνν.
963 3368 1017 3426 Sele

60 3481 120 3534 ent
133 3486 264 3545 mistir'ci
282 3508 364 3548 unns.
