2452 3824
72 114 117 178 32
513 112 645 170 HYGINI

71 281 195 362 torum,
223 275 362 361 singulis
385 274 444 340 LX
466 275 581 361 podes,
611 275 867 360 adsignabimus.
921 277 974 342 37.
996 275 1096 344 Nunc

72 366 102 430 si
124 365 243 430 dantur
265 365 355 429 millo
376 364 525 430 homines
553 386 649 449 super
671 385 840 430 numerum
863 364 1094 451 compositum,

71 455 107 518 in
140 453 252 518 eadem
284 452 443 537 pedatura
477 453 568 518 locus
601 453 802 538 adsignatum
845 454 892 519 sic
923 453 1094 520 faciemus.

72 542 235 619 Quoniam
258 541 364 626 partis
387 540 541 606 dimidiae
563 540 594 606 D
618 563 688 607 csse
712 545 854 626 constat,
879 562 961 626 quos
984 543 1096 626 capiet

43 630 323 714 ssemistrigium,
354 630 549 696 deducamus
581 631 722 696 scamnis
753 629 852 715 psdes
879 629 910 695 X
942 633 977 695 et
1003 631 1094 697 viam

72 719 158 785 inter
181 719 251 785 alas
274 719 440 803 tollamus,
463 739 546 803 quae
568 721 646 784 tunc
668 719 773 804 datur,
796 719 1001 804 sipedatura
1019 741 1094 804 por·

72 809 195 891 mittet3
223 809 308 873 fiunt
328 807 428 891 pedes
450 805 557 872 XXX:
585 807 648 871 erit
671 806 920 892 semiorbium,
948 808 1037 893 quod
1061 807 1093 873 D

72 896 221 962 homines
251 899 368 980 postsa
394 899 543 979 acceptos
570 895 713 979 recipiet.
770 896 822 962 38.
852 895 949 962 Nunc
976 918 994 961 s
1017 918 1093 962 oon·

0 1005 63 1071 aa„
73 985 175 1050 trario
199 984 352 1049 similitor
371 986 376 1065 Ι
395 984 539 1049 numeris
562 984 753 1067 compositis
771 983 967 1050 deducamus
985 984 1093 1050 homi·

31 1092 58 1131 1⁰
72 1095 130 1138 nes
159 1071 242 1152 010,
278 1094 415 1156 quorum
447 1075 498 1137 ost
528 1073 687 1157 pedatura
723 1073 845 1158 strigae
876 1071 997 1157 pedum
1024 1071 1095 1140 LX.

70 1161 230 1227 Dabimus
253 1182 386 1227 scamno
409 1163 594 1246 legatorum
612 1161 711 1246 pedes
729 1159 862 1246 LXXX,
884 1161 1094 1229 tribunorum

70 1250 170 1334 podes
192 1248 282 1313 LXX
305 1254 338 1314 st
360 1249 448 1315 viam
470 1250 557 1315 inter
580 1251 649 1315 elas
671 1271 876 1334 reponemus.

160 1336 214 1400 39.
245 1335 328 1402 Item
351 1337 448 1402 lateri
476 1338 634 1421 praetorii
657 1341 690 1402 et
710 1341 896 1403 retenturas
926 1338 1093 1422 similitor,

72 1426 187 1510 siquo
210 1424 284 1509 plus
311 1426 364 1490 vel
387 1425 494 1489 minus
517 1425 630 1509 fuerit,
656 1425 742 1490 idem
765 1427 1027 1511 observabimus,
1055 1432 1095 1493 ut

31 1532 58 1573 11
72 1513 272 1599 praetorium
296 1517 329 1579 st
351 1513 508 1580 comitum
530 1513 735 1598 pedaturam,
764 1514 845 1580 item
868 1517 1094 1598 quaestorium

71 1604 256 1669 minuamus
283 1602 335 1668 vel
365 1604 558 1688 ampliamus
587 1603 724 1669 servatis
750 1603 958 1688 portionibus
980 1604 1095 1670 latitu-

71 1692 166 1758 dinis.
201 1690 285 1756 Viae
309 1695 419 1758 autem
442 1693 556 1758 abesse
582 1695 750 1776 poterunt,
778 1692 807 1756 si
832 1692 991 1775 pedatura
1017 1693 1094 1758 stri·

71 1780 156 1844 otior
178 1778 285 1863 fuerit,
306 1780 393 1845 inter
416 1780 566 1846 cohortes
588 1781 769 1865 praetorias
793 1782 826 1845 st
845 1780 916 1846 alas
935 1781 1095 1867 equitnm,

73 1868 147 1932 ideo
172 1867 258 1950 quod
281 1867 452 1953 disciplina
472 1868 610 1933 militari
637 1868 679 1933 ud
707 1890 799 1949 snum
824 1869 960 1953 quisque
981 1890 1096 1936 nume·

0 1952 1095 2128 ⁴2¹itmtttittttt'tflt‘ttt⁰t⁸⁶t2¹¹tbattis·

72 2133 168 2199 nibus
197 2154 257 2217 per
284 2131 404 2218 strigas
438 2094 584 2198 dtrictius
616 2154 674 2198 seu
701 2065 982 2219 laiiusqtdidere,
1014 2158 1095 2220 quo·

69 2222 160 2287 niam
188 2243 284 2307 scope
311 2242 462 2287 numeros
492 2222 601 2286 evcnit
633 2221 840 2307 commutari,
866 2227 1003 2288 tonsura
1025 2244 1094 2289 am·

69 2310 159 2394 plius
193 2309 349 2393 efficiant,
381 2329 478 2394 quam
511 2310 634 2394 strigae
665 2309 700 2374 in
732 2309 868 2376 eandem
896 2310 1094 2395 pedaturam

73 2571 213 2642 lringuli
229 2571 279 2626 LX
297 2586 365 2627 corr.
378 2571 431 2628 scs
494 2569 706 2640 assignavimus
769 2570 929 2627 odiosior
946 2571 1027 2627 mille
1040 2573 1094 2629 ho·

70 2643 161 2699 mines
225 2649 241 2697 3
256 2641 287 2696 in
305 2641 424 2697 eandem
441 2641 608 2712 pedaturam
662 2643 787 2724 4partes
807 2641 941 2697 dimidias
958 2644 1094 2702 amsa

106 2719 124 2767 4
138 2712 231 2784 capite
247 2711 400 2770 emistricio
456 2712 714 2769 6stdcinterbs11s
733 2729 802 2769 corr.
813 2712 867 2769 aas
922 2713 1094 2770 7111111111-

71 2783 146 2838 cium
201 2790 235 2840 10
248 2783 377 2839 homines
397 2799 429 2839 oo
499 2783 606 2853 striges
623 2782 756 2840 corros
807 2790 838 2839 11
855 2799 1000 2839 scamnum
1012 2785 1094 2856 lega·

70 2857 172 2910 tomm.
211 2861 243 2910 12
259 2857 289 2910 et
302 2853 350 2909 via
363 2853 438 2909 inter
451 2853 522 2909 alias
540 2854 701 2925 reponimus
720 2871 789 2911 corr.
800 2854 860 2912 Scis.
899 2859 932 2910 15
947 2854 1093 2924 quaestori

97 2937 114 2967 u

68 2978 227 3034 minuamus
300 2984 333 3034 16
351 2977 473 3048 amplius
491 2977 621 3036 corrodet
681 2984 714 3032 1'1
729 2994 795 3033 snas
818 2977 969 3048 (sardot)
992 2980 1092 3035 autern

70 3050 179 3122 abissus
197 3048 325 3120 poterint
443 3047 607 3120 inscriptior
630 3065 699 3106 corr.
719 3048 773 3104 Scis
890 3053 922 3104 18
942 3048 1092 3106 cohortem

68 3119 213 3191 praetoria
231 3119 281 3174 ssd
300 3119 370 3175 alias
389 3119 535 3188 aequitum
606 3125 640 3174 19
659 3117 840 3189 disciplinam
852 3117 1006 3175 militarem
1017 3137 1091 3179 corr.

70 3192 123 3249 Scis
195 3192 313 3246 adsum
385 3196 421 3246 20
438 3189 482 3245 ita
499 3188 577 3258 dico,
600 3191 711 3246 addidit
733 3190 787 3246 Scis
807 3190 860 3247 ‘at'
942 3192 1092 3248 1111111-

51 3268 148 3362 siim
224 3330 400 3385 quemquam
418 3330 509 3386 genus
526 3311 687 3369 hominibus
706 3330 776 3370 corr.
795 3314 823 3367 L
895 3320 929 3370 22
947 3314 1036 3396 tende

31 3378 77 3427 23
89 3392 238 3437 numerus
256 3385 362 3446 evcnit
381 3388 544 3460 conputare
557 3387 674 3443 tortura
691 3384 821 3443 ceraddc
875 3391 916 3438 aa
929 3385 1017 3454 striga
