2452 3824
486 228 705 286 PRAEFATIO.
1064 229 1104 296 11

88 388 288 480 praetoriam
320 392 433 459 tendit.
489 391 552 458 Sed
579 393 608 456 si
631 393 771 476 quinque
799 393 851 456 vel
881 415 937 458 sex
960 391 1106 476 legiones

90 486 242 567 acceptae
264 483 395 566 fuerint,
418 482 495 567 quid
513 484 585 546 tum
602 480 714 566 Lange
736 480 857 546 faciet?
894 481 967 566 Ego
991 481 1107 565 scripsi

88 572 258 638 cohortium
274 572 444 654 priauptc's
473 569 606 635 adrem
629 569 827 634 correctione
852 569 1107 637 accommodata.

90 660 227 727 Munera
249 660 418 744 legionum
446 679 550 742 neque
573 658 724 722 dicuntur
751 657 879 724 cohorti
901 659 1024 742 primae
1048 680 1107 723 nec

90 749 213 836 legioni
236 750 313 831 toti,
336 747 393 812 sed
415 746 585 832 principiis
607 746 711 812 totius
739 746 877 832 legionis
906 744 1022 831 (utitur
1044 747 1107 812 hoc

89 839 189 903 verbo
204 837 355 921 Hyginus
379 857 405 900 c.
421 832 486 922 14),
510 839 543 900 et
565 835 606 900 ab
626 835 667 899 iis
691 834 732 899 ad
756 835 918 900 centurias
940 835 1106 918 perferun-

89 930 153 991 tur.
187 923 279 988 Idem
301 945 379 989 usus
401 924 436 988 in
459 922 652 988 exercitibus
675 925 807 987 nostrae
830 923 948 988 aetatis
972 922 1083 989 durat.¹

180 1033 206 1077 c.
224 1011 277 1077 25.
321 1013 432 1094 Eques.
459 1017 563 1077 uatem
595 1009 744 1095 (accipit)
777 1012 837 1077 duo
868 1019 958 1077 semis
989 1012 1108 1076 adiectu

90 1102 214 1183 quinta]
248 1099 360 1166 Verba
388 1122 471 1184 quae
498 1103 575 1165 sunt
597 1099 672 1164 ‘duo
701 1100 800 1165 semis
827 1099 954 1165 adiecta
981 1099 1106 1184 quinta'

92 1191 173 1255 satis
196 1189 333 1256 obscure
356 1189 443 1254 dicta
467 1192 550 1253 sunt.
595 1187 713 1270 Erant,
741 1188 796 1270 qui
820 1187 958 1252 ‘adiecta
980 1186 1106 1272 quinta'

89 1279 169 1343 item
192 1279 493 1362 interpretarentur,
520 1281 557 1342 ut
580 1276 680 1360 paulo
704 1279 793 1359 ante,
820 1276 877 1341 ubi
901 1277 1040 1359 scriptor
1069 1277 1107 1340 dc

88 1367 197 1450 pedite
221 1367 298 1450 egit,
321 1365 480 1449 ‘quintam
501 1365 593 1448 pedis
615 1363 765 1448 partem'.
809 1363 849 1428 In
872 1365 989 1448 quibus
1014 1369 1108 1430 erant

90 1456 189 1520 etiam
213 1452 327 1522 Schele
350 1459 392 1539 et,
421 1476 516 1538 quem
539 1453 650 1538 Lange
673 1454 778 1538 plut
794 1452 883 1538 citat,
904 1452 998 1519 Nast.
1045 1451 1108 1519 sed

88 1543 203 1629 Lange
231 1543 297 1610 l.1.
325 1543 410 1608 hanc
443 1543 639 1608 sententiam
672 1542 828 1607 refutavit
855 1563 889 1608 c.,
905 1542 948 1606 26
981 1541 1108 1627 Hygini

89 1632 191 1697 verba
212 1633 357 1696 invenies
381 1631 427 1696 ‘et
449 1632 578 1715 pedem,
610 1629 696 1714 quod
719 1630 837 1712 accipit
860 1631 967 1714 miles,
994 1631 1107 1714 redigo

91 1720 132 1784 ad
161 1719 224 1782 duo
253 1719 366 1801 semis,
402 1718 488 1801 quod
517 1717 635 1799 accipit
664 1716 784 1799 eques'‚
816 1717 940 1781 omittit
967 1719 1107 1800 scriptor

91 1808 238 1893 quintam
261 1811 293 1871 et
319 1805 438 1889 peditis
466 1808 499 1869 et
526 1804 659 1888 equitis,
692 1808 726 1868 et
752 1803 864 1886 Lange
891 1808 980 1869 recte
1008 1806 1108 1871 adicit

93 1894 193 1980 ‘quod
216 1896 309 1960 salva
326 1893 538 1977 proportione
554 1892 660 1957 facere
679 1914 746 1957 non
763 1893 884 1975 potuit,
906 1893 971 1958 nisi
994 1894 1109 1977 quinta

91 1984 210 2066 pedum
229 1983 366 2046 duorum
381 1983 477 2046 semis
492 1980 711 2067 intellegenda
725 1980 832 2049 essct'.
861 1980 925 2047 Sed
938 2003 979 2047 ne
989 1981 1109 2067 Langii

91 2071 220 2154 quidem
239 2071 464 2155 interpretatio
480 2071 629 2137 omnibus
647 2071 792 2136 numeris
807 2071 958 2137 absoluta
970 2071 1107 2137 videtur.

89 2158 236 2225 Primum
259 2160 389 2244 quidem
412 2159 581 2242 concedes,
607 2160 772 2224 nominem
799 2181 859 2242 pro
887 2160 994 2225 tribus
1017 2161 1107 2243 pedi·

92 2248 152 2313 bus
177 2248 281 2314 dicere
306 2249 370 2314 duo
394 2249 491 2313 semis
515 2248 642 2312 adiecta
665 2247 792 2331 quinta3
815 2247 929 2311 deinde
949 2249 1107 2312 terminus

90 2335 227 2401 ‘adiecta
251 2335 387 2421 quinta'‚
415 2337 543 2420 saepius
567 2335 697 2418 quidem
724 2335 759 2398 in
786 2337 900 2399 nostro
930 2339 1106 2417 usurpatus

91 2429 151 2506 est,
173 2429 303 2506 praeter
325 2427 478 2500 nostrum
498 2423 606 2486 locum
625 2442 650 2486 c.
665 2420 709 2485 35
728 2426 761 2486 et
780 2442 805 2485 c.
819 2421 876 2505 42,
900 2422 957 2487 sed
980 2443 1108 2506 semper

91 2512 130 2575 de
148 2510 264 2594 pedite,
281 2530 442 2593 nusquam
460 2508 499 2573 de
519 2510 632 2593 capite,
655 2510 754 2574 immo
768 2531 795 2576 c.
811 2510 852 2574 16
872 2515 905 2575 et
923 2532 949 2577 c.
964 2511 1008 2576 34
1026 2511 1108 2596 legi-

91 2620 176 2752 ttl
196 2597 719 2770 tritblmtrtrrr
743 2599 1108 2770 redicatur

1006 2738 1015 2771 7

90 2776 259 2842 dimidiam
282 2775 489 2860 significaret.
535 2773 658 2840 Contra
685 2775 777 2840 salvo
805 2797 900 2841 sensu
927 2776 985 2840 illa
1007 2776 1108 2841 verba

90 2865 251 2930 removeri
273 2863 419 2948 possunt.
455 2864 503 2928 Re
526 2885 603 2929 vcra
622 2863 741 2947 accipit
759 2884 857 2948 eques
879 2868 1008 2929 tantum
1027 2865 1107 2930 duos

90 2951 190 3038 pedes
213 2957 246 3016 et
269 2953 439 3017 semissem
463 2952 502 3017 cf.
521 2953 667 3019 albex.
691 2951 736 3016 ‘in
760 2973 797 3018 eo
821 2952 901 3037 pede
924 2953 1106 3036 praefectus

91 3041 162 3106 alae
184 3040 375 3125 pedaturam
398 3041 550 3126 accipiat,
582 3045 615 3106 et
640 3041 836 3124 principales
864 3060 975 3106 eorum
999 3042 1106 3125 aliquo

90 3130 197 3195 laxius
221 3127 370 3211 tendant3
393 3129 539 3214 alioquin
562 3129 683 3214 singuli
705 3128 801 3193 binos
824 3129 921 3212 pedes
944 3135 977 3195 et
996 3131 1107 3195 semis·

93 3241 144 3283 ses
164 3216 368 3301 acciperent',
386 3217 483 3302 pedes
498 3221 605 3283 autem
619 3216 734 3301 pedem
748 3217 875 3283 adiecta
889 3218 1012 3303 quinta,
1030 3239 1108 3283 nam

91 3305 335 3372 centurionibus
358 3305 460 3371 ‘locus
482 3306 590 3390 datur,
621 3307 677 3390 qui
704 3311 878 3389 propterea
904 3328 1024 3371 vacuus
1047 3311 1108 3390 est,

91 3395 178 3479 quod
196 3395 351 3478 n0n100‚
375 3394 431 3459 sed
445 3395 489 3460 80
507 3395 626 3460 milites
644 3396 679 3458 in
698 3396 843 3461 centuria
858 3393 946 3459 sunt'
956 3392 1107 3480 (Lange).

89 3482 179 3569 Ergo
204 3487 263 3568 est,
287 3484 373 3568 quod
396 3484 483 3548 inter
506 3505 540 3550 se
558 3484 748 3569 comparari
760 3484 898 3567 pass'mb
909 3503 977 3562 pec
990 3483 1133 3541 amaena
