2452 3824
247 222 357 279 LIBER
374 223 424 276 DE
442 221 710 279 MUNITIONIBUS
730 223 959 281 castrorum.
1071 224 1117 290 35

100 386 143 452 ad
165 408 335 452 numerum
357 388 576 452 centuriarum
594 387 810 471 pertinentem
832 387 960 452 intento
984 387 1118 473 ingenio

101 476 280 561 elaboravi,
315 479 365 561 ut,
411 476 440 541 si
476 474 631 560 dignatus
672 474 772 540 fixeris
808 475 990 561 iniungere,
1027 477 1118 541 novi·

99 568 203 629 tatem
228 564 417 629 metationis
445 562 486 628 ad
513 562 771 649 magnitudinem
798 567 890 629 tuam
917 564 1042 648 primus
1066 564 1119 629 ad·

100 652 217 737 feram,
250 673 332 736 quae
361 653 423 717 tibi
451 673 547 735 spero
573 652 729 736 placebit,
762 653 790 717 ai
817 653 960 737 primum
988 652 1119 718 cotidia-

100 763 177 805 nam
199 741 412 806 metationem
435 740 602 806 tractabis.
1133 757 1146 798 ι
1211 800 1214 807 r

189 831 243 895 48.
265 827 361 894 Nunc
383 829 598 894 munitionem
616 832 799 895 castrorum
822 833 855 894 et
874 829 1014 914 reliqua,
1038 851 1120 914 quae

102 918 249 1002 pluribus
282 920 430 982 auctores
460 919 673 1002 scripserunt,
705 916 848 1002 breviter
878 917 1089 1003 perferamus.
1115 915 1216 1005 l136al

102 1005 245 1070 Munitio
284 1006 490 1071 aestivalium
527 1005 721 1071 observatur
757 1006 930 1090 generibus
966 1007 1122 1091 quinque:

103 1094 202 1178 fossa,
224 1094 321 1178 vallo,
344 1095 490 1177 cervolis,
513 1094 622 1178 armis,
645 1114 774 1180 aggere.

190 1183 243 1248 49.
265 1182 371 1248 Fossa
391 1183 464 1247 loco
493 1182 648 1246 securiori
676 1199 774 1248 causa
796 1184 1002 1269 disciplinae,
1031 1183 1121 1247 cuius
1137 1198 1163 1240 1⁰

102 1271 226 1355 species
259 1274 309 1335 est
339 1271 499 1355 fastigata
530 1270 583 1334 vel
612 1270 740 1354 punica.
790 1271 963 1355 Fastigata
995 1270 1122 1354 dicitur,

101 1379 183 1442 quae
212 1380 232 1424 a
260 1379 386 1423 summa
413 1357 586 1423 latitudine
614 1359 772 1424 lateribus
800 1359 930 1425 devexis
958 1360 993 1424 in
1021 1379 1121 1444 angu-

102 1448 201 1512 stiam
228 1447 269 1511 ad
301 1447 406 1512 solum
435 1447 610 1513 coniuncta
637 1449 794 1532 pervenit.
843 1446 967 1520 Punica
994 1447 1122 1532 dicitur,

102 1556 186 1621 quae
208 1535 310 1601 latere
330 1535 480 1601 exteriori
499 1535 540 1600 ad
558 1536 825 1620 perpendiculum
843 1537 1004 1622 dirigitur.
1037 1534 1120 1601 Gon-

101 1624 239 1689 trarium
263 1625 419 1689 devexum
445 1624 497 1705 fit,
530 1623 735 1725 quomodo
724 1647 759 1689 ιιι
786 1625 952 1709 fastigata.
998 1623 1120 1700 Quibus
1136 1639 1161 1681 1⁵

101 1712 240 1777 latitudo
276 1710 347 1775 dari
379 1710 497 1774 debeat
529 1710 571 1773 ad
604 1712 774 1776 minimum
812 1712 931 1796 pedum
967 1713 1121 1796 quinqu03

103 1800 206 1864 altum
236 1799 334 1883 pedes
366 1801 443 1862 tres.
492 1795 664 1882 Regressis
694 1793 831 1882 pedibus
865 1799 1003 1864 exterma
1031 1821 1121 1865 sexa·

103 1889 196 1973 ginta
223 1910 280 1971 per
308 1884 514 1950 latitudinem
545 1888 715 1969 portarum
744 1887 859 1953 similit
844 1891 895 1953 ter
920 1888 1010 1954 fossa
1030 1890 1035 1968 l
1055 1888 1216 1975 detrusa,

102 1975 188 2059 quod
211 1977 346 2058 propter
368 1974 474 2039 brevit
475 1977 562 2038 atem
584 1975 718 2040 titulum
741 1978 1008 2062 cognominatum
1031 1980 1089 2042 cst

191 2063 244 2128 50.
271 2062 404 2128 Vallum
431 2062 504 2128 loco
531 2063 723 2147 suspectiori
751 2067 857 2131 extrui
881 2066 978 2132 debet
1000 2067 1121 2151 cespite
1135 2082 1163 2123 ro

104 2154 162 2215 aut
184 2150 300 2235 lapide,
326 2173 404 2217 saxo
428 2152 496 2217 sive
519 2157 699 2220 caemento.
746 2151 873 2220 Sufficit
896 2155 944 2220 lat
929 2159 999 2220 tum
1021 2155 1121 2239 pedes

103 2236 200 2323 VIII,
232 2239 337 2305 altum
362 2240 461 2324 pedes
483 2239 545 2326 V13
568 2243 602 2304 et
623 2241 727 2306 lorica
747 2262 850 2325 parva
870 2240 919 2309 ιιι.
964 2241 1121 2307 Similiter

102 2331 179 2392 ante
206 2331 321 2412 portas
343 2332 381 2392 ut
402 2328 550 2410 titulum,
581 2331 632 2392 cst
653 2328 744 2394 fossa
770 2330 812 2395 ad
833 2330 967 2396 vallum.
1013 2326 1120 2395 Causa

103 2416 328 2495 instructionis
351 2419 502 2481 sanctum
524 2417 575 2479 est
597 2417 873 2500 cognominatum.

104 2643 178 2713 177
192 2599 329 2712 pertinet
329 2600 507 2693 mintentato
553 2638 728 2695 relaborabi
777 2648 793 2696 3
808 2642 914 2712 primos
957 2643 1119 2700 tcottidia·

100 2727 166 2766 nam
220 2709 388 2766 tauctorib.
400 2707 572 2764 scribserunt
583 2709 709 2766 brebiter
762 2661 974 2768 8munitionem
993 2714 1119 2769 extinua

101 2834 171 2889 lium
244 2834 319 2916 quiq.
393 2833 501 2888 obulo
516 2833 628 2916 agmine
646 2835 796 2905 agremmis
814 2853 883 2894 corr.
894 2837 948 2893 Set
965 2843 991 2893 et
1009 2838 1119 2894 adduit

102 2912 165 2962 aare
183 2904 267 2959 armis
267 2908 303 3019 lt
306 2903 425 2960 cervolis
486 2910 521 2959 10
534 2904 683 2961 securioris
698 2923 798 2963 causae
812 2906 962 2978 discipline
977 2924 1045 2965 corr.
1056 2907 1118 2964 uer.

138 3036 169 3084 ll
186 3029 295 3100 species
292 2981 435 3098 tfatigata
508 3037 541 3084 ιι
559 3045 695 3084 summam
712 3029 893 3085 latitudinem
964 3031 1078 3087 deberis

102 3105 135 3154 13
150 3100 278 3156 tedolum
296 3115 364 3155 corr.
375 3099 429 3158 ιιι
490 3100 660 3182 perveniunt
714 3106 748 3157 14
761 3099 844 3156 lateri
899 3106 933 3157 15
947 3101 986 3157 sit
999 3101 1097 3172 quod
1088 3119 1119 3157 m

100 3168 221 3240 fatigata
238 3187 307 3227 corr
301 3170 373 3283 Soli
432 3171 576 3242 repedem
595 3170 717 3240 quinque
773 3173 932 3242 repraeter
948 3173 1119 3229 brebitatem

102 3299 138 3349 20
151 3293 263 3348 Ballum
322 3293 400 3348 exrui
463 3301 496 3350 21
512 3311 580 3351 asxo
599 3311 666 3352 corr.
678 3295 757 3352 Serio
830 3295 952 3350 cimento
1006 3294 1082 3349 latus

102 3424 136 3472 ιι
150 3417 276 3488 perberis
295 3433 364 3474 corr.
374 3417 429 3474 scu
482 3424 516 3474 23
529 3379 617 3488 porta¹
630 3422 663 3474 ut
680 3418 780 3475 titulus
799 3418 836 3474 ad
849 3418 940 3476 fossas
959 3419 995 3475 ad
1009 3416 1118 3473 ballum

139 3504 240 3543 causae
313 3495 348 3544 24
362 3491 488 3545 sanctam
507 3505 567 3544 esse
586 3491 818 3561 cognominatum
