2452 3824
418 988 840 1074 Paabrnrlo„

190 1304 334 1369 Libellus
352 1308 464 1370 noster
482 1308 534 1368 ter
552 1304 656 1368 editus
676 1307 734 1387 666,
756 1304 898 1388 primum
918 1326 937 1368 6
956 1301 1116 1371 Scriverio

102 1393 187 1458 1607
212 1395 326 1476 (repet.
351 1390 466 1479 1621),
493 1391 607 1458 661666
631 1414 650 1456 6
673 1391 802 1458 Schelio
829 1392 916 1458 1660
944 1390 1059 1478 (repet.
1082 1395 1117 1458 in

100 1479 232 1547 Graevii
255 1481 423 1548 Thesauro
446 1481 510 1547 vol.
532 1479 563 1545 X
585 1504 616 1566 p.
636 1480 701 1544 999
717 1480 828 1566 sequ),
852 1483 907 1566 qui
930 1482 1053 1566 optime
1077 1483 1117 1548 66

100 1592 138 1635 66
161 1571 298 1636 meritus
321 1574 381 1654 666,
407 1572 574 1654 postremo
598 1591 617 1633 6
639 1568 764 1654 Langio
790 1567 885 1653 1848,
935 1571 969 1634 61
992 1574 1025 1635 66
1046 1572 1116 1655 ipse

99 1659 239 1724 multum
263 1680 380 1742 operae
403 1660 437 1722 in
460 1656 609 1721 libellum
632 1657 780 1721 contulit.
823 1654 886 1721 Sed
910 1593 1060 1722 6616166611
1084 1663 1117 1724 66

99 1744 219 1812 Sebelii
243 1750 352 1811 666666
379 1766 431 1810 666
460 1745 586 1810 codices
614 1743 772 1830 dignitate
800 1745 993 1810 aestimandi
1021 1750 1054 1811 66
1081 1749 1116 1811 16

99 1835 219 1900 classes
252 1835 417 1920 digerendi
452 1833 595 1898 nondum
630 1837 711 1899 nota
742 1839 827 1918 6666,
862 1832 975 1920 Lange
1006 1839 1115 1901 autem

98 1923 185 1988 falsa
206 1924 386 2008 sagacitate
408 1923 582 2007 perductus
604 1921 715 2006 pravis
738 1923 932 2007 quibusdam
951 1923 1115 1990 codicibus

99 2010 196 2076 fidem
223 2011 404 2076 habendam
432 2033 504 2076 esse
532 2011 710 2076 contendit.
759 2008 913 2077 Servatus
946 2013 1032 2077 enim
1066 2017 1115 2078 666

98 2098 152 2163 616
170 2100 301 2165 11661166
319 2101 424 2165 661666
442 2100 650 2184 potissimum
670 2099 836 2165 codicibus
850 2099 1115 2184 Guelferbytanis

97 2187 129 2251 A
156 2187 184 2251 B
215 2187 255 2273 d,
290 2211 370 2275 quos
399 2189 467 2254 6666
493 2188 565 2273 pari
592 2189 714 2253 honore
741 2188 857 2272 dignos
890 2187 1115 2254 iudicaverunt

97 2277 223 2359 priores
251 2277 401 2342 editores.
447 2275 569 2341 Tamen
592 2276 682 2340 solus
705 2273 736 2337 A
759 2273 1036 2340 166666616666
1061 2279 1114 2358 [ex

97 2365 229 2430 nominc
253 2364 379 2429 Arcerii
411 2363 529 2447 prioris
556 2362 722 2427 cuiusdam
748 2363 962 2445 possessoris]
995 2366 1113 2449 respici

98 2451 202 2536 debet,
220 2452 249 2516 16
264 2453 349 2516 enim
368 2472 426 2535 pro
446 2448 537 2515 fonte
556 2453 589 2514 66
603 2450 729 2534 origine
744 2451 882 2516 aliorum
897 2451 1044 2517 codicum
1058 2454 1113 2518 ba·

97 2539 221 2604 bandus
240 2543 299 2624 est,
318 2540 351 2604 id
366 2540 452 2624 quod
469 2539 573 2605 frater
590 2559 680 2603 meus
690 2539 809 2603 Albert
817 2537 945 2605 Gemoll
959 2538 1112 2624 (Hermos

97 2628 205 2694 volX
227 2650 258 2712 p.
273 2628 339 2694 244
349 2627 450 2713 seqq.)
469 2649 508 2693 ex
530 2628 689 2692 varietate
711 2627 888 2692 lectionum
911 2629 1016 2694 textui
1030 2628 1112 2695 Lan-

98 2717 195 2803 giano
210 2716 357 2783 subiecta
369 2717 532 2801 probavit.
555 2715 649 2792 Quod
662 2715 791 2781 66611166
806 2736 883 2780 sane
892 2716 956 2782 fuit
964 2717 1113 2803 probare,

98 2806 126 2869 si
145 2806 174 2870 61
192 2807 319 2872 6661666
337 2807 426 2892 ipsos
442 2805 531 2871 adire
545 2805 701 2887 licuisset,
718 2826 795 2869 nam
809 2803 920 2890 Lange
934 2805 1111 2872 identidem

97 2895 219 2957 erravit
230 2916 290 2960 nec
303 2917 436 2979 prorsus
450 2916 527 2961 vora
541 2896 580 2960 66
594 2894 659 2959 11116
671 2892 837 2958 codicibus
848 2892 1111 2979 Guelferbytanis

96 2981 242 3048 tradidit.
275 2982 368 3060 Quod
390 2983 520 3068 quidem
542 2983 684 3069 pertinet
703 2981 743 3046 ad
761 2979 789 3044 B
808 2985 843 3046 ot
860 2979 900 3067 Α,
918 2981 1023 3048 minus
1042 2985 1111 3049 6166

95 3071 221 3136 incuria
252 3072 430 3155 vituperari
460 3076 584 3156 potest,
615 3071 776 3136 nonnulla
804 3093 823 3135 a
851 3091 903 3135 me
932 3093 971 3136 ex
998 3074 1028 3137 Α
1058 3072 1110 3137 de·
1217 3099 1222 3106 ·

96 3163 250 3244 prompta
271 3159 306 3224 in
328 3160 592 3226 adnotationibus
622 3160 737 3243 cuique
759 3159 900 3244 paginae
922 3164 1031 3226 textus
1053 3182 1110 3226 no·
1162 3214 1165 3219 .

96 3247 300 3314 66616661616
324 3248 480 3332 invenies,
510 3248 720 3314 66666116616
749 3248 868 3313 codicis
892 3245 918 3314 (l
941 3271 960 3313 a
983 3249 1111 3334 Langio

95 3335 248 3402 instituta
280 3359 396 3402 manca
425 3341 458 3402 66
487 3358 633 3403 errorum
664 3337 762 3421 plena
794 3342 853 3402 666.
903 3337 1109 3402 Enumerabo

95 3423 161 3488 iam
184 3423 245 3491 hos
269 3446 409 3510 errores,
431 3447 497 3491 non
520 3425 606 3509 quod
629 3425 668 3489 ad
691 3446 761 3489 rem
783 3425 884 3491 666166
906 3446 961 3490 666
982 3446 1109 3490 onume-

912 3527 949 3582 1*
1065 3551 1068 3555 ·
