2452 3824
476 220 696 279 somnino.
824 186 829 195 ’
1073 218 1095 280 9

79 409 223 472 unquam
236 384 389 471 Hyginus
411 385 459 451 ita
477 383 656 466 usurpavit,
678 381 840 466 utLange
862 381 981 467 posuit.
1016 381 1097 448 Gre-

80 477 154 542 vius
177 474 313 558 videtur,
336 473 423 558 quod
441 477 537 555 prout
557 471 592 539 in
613 474 706 536 textu
725 493 745 534 e
767 469 892 554 hangio
917 471 1095 538 constituto

79 564 166 630 nihil
188 563 277 629 aliud
299 562 462 646 siguificat
482 561 549 628 nisi
568 565 613 639 ut,
635 559 837 626 desideretur
855 563 965 626 eutem
982 564 1096 625 nostro

81 653 155 718 loco
178 651 336 719 eiusmodi
357 650 465 717 notio:
496 649 682 716 decuriones
705 652 767 713 etc.
793 652 845 716 tot
871 648 984 732 habet,
1017 652 1097 732 quot

12 745 18 753 ’
81 746 215 808 turmas.
252 740 323 816 Quo
346 761 387 804 ex
409 759 506 806 causa
524 739 639 821 scripsi
656 737 769 818 reliqui
787 740 821 801 et
838 758 991 804 nummus.
1024 737 1096 806 Iam

80 852 162 914 opus
185 828 250 894 fuit
273 826 440 910 sequentia
463 829 519 893 out
542 827 703 909 corrigere
725 826 795 906 equi
816 829 853 892 ul
875 828 946 909 cut,
974 830 1012 893 ut
1035 846 1096 909 ego

80 918 158 998 feci,
185 919 392 998 interponere
419 915 521 994 alunt,
549 913 637 998 quod
665 913 760 980 facile
787 917 862 979 anto
889 919 926 980 ul
952 914 1097 980 excidere

82 1004 191 1088 potuit
213 1007 247 1069 et
269 1004 336 1069 iam
358 1004 523 1087 superiore
545 1003 618 1069 loco
643 1002 789 1071 occurrit.

172 1131 198 1176 c.
218 1109 269 1174 17.
301 1108 364 1174 Per
385 1111 473 1173 ouius
494 1110 627 1191 riporem
645 1114 775 1193 utroque
785 1114 886 1192 purte,
908 1129 977 1173 curu
995 1109 1098 1174 maior

80 1199 230 1264 norim
251 1203 296 1263 eet
316 1197 371 1264 hoe
393 1207 436 1262 eet
457 1199 590 1280 quinque
617 1198 747 1279 deuncos
773 1203 802 1261 et
823 1218 934 1279 supro,
964 1196 1098 1262 colurus

82 1288 269 1371 leuiorem
299 1287 372 1350 duri
402 1286 515 1366 solent]
552 1284 655 1350 Miror
690 1284 807 1370 Langii
840 1285 1005 1364 fiduciam,
1041 1287 1098 1369 qui

81 1398 113 1460 p.
134 1376 198 1440 164
222 1373 298 1440 ‘non
321 1374 463 1458 dubitat,
491 1374 569 1459 quin
596 1374 695 1441 verba
723 1375 764 1438 od
792 1373 988 1439 sententiam
1011 1377 1099 1440 recte

83 1461 360 1545 accommodarit’,
392 1485 589 1548 quamquam
616 1461 750 1548 Hygino
778 1467 889 1546 aperte
920 1463 1098 1548 pessimam

81 1553 148 1616 vim
179 1551 298 1617 intulit.
342 1551 484 1616 Inseruit
514 1552 614 1619 enim,
636 1555 713 1638 post
744 1551 898 1636 ‘quinque
930 1551 1098 1637 legiones',

83 1640 244 1705 ‘cohortes
268 1641 400 1723 quintae
428 1640 568 1722 legionis
600 1644 638 1703 ut
666 1660 769 1722 supra*
793 1641 888 1721 [haec
911 1641 973 1704 duo
997 1641 1099 1705 verba

81 1749 141 1811 pro
164 1733 193 1792 et
209 1748 306 1810 supro
324 1727 508 1806 Arceriani]
532 1727 568 1790 in
589 1731 799 1810 praetenturis
817 1728 936 1792 tertiae
955 1732 988 1792 et
1006 1750 1099 1811 quar·

82 1815 156 1881 tae’.
193 1815 298 1880 Multo
322 1815 449 1879 cautius
472 1815 541 1899 egit
558 1812 682 1894 Schele,
706 1815 762 1898 qui
777 1812 931 1899 ‘quinque
954 1816 1098 1900 legiones

83 1909 117 1970 et
140 1926 249 1988 supra,
270 1903 427 1986 pedatura
449 1903 576 1969 cohorti
598 1903 723 1987 primae
746 1903 817 1968 dari
836 1903 930 1969 solet'
949 1905 1098 1969 correxit.

85 1992 142 2057 ‘Et
165 1991 275 2075 suprs'
298 1992 404 2075 recepi
431 1990 619 2058 recordatus
653 1992 770 2078 capitis
798 1994 833 2075 4,
864 1993 920 2057 ubi
952 1994 1098 2058 invenies

85 2079 245 2165 ‘quotiens
278 2083 386 2145 nutem
418 2081 562 2165 quinque
597 2082 649 2146 vel
680 2104 737 2146 sex
769 2082 914 2167 legiones
947 2087 1098 2165 acceptae

82 2168 225 2251 fuerint',
243 2169 299 2234 sed
317 2169 446 2253 longius
462 2168 627 2234 Schelium
646 2170 739 2254 sequi
755 2191 822 2235 non
835 2171 985 2235 sustinui.
1013 2168 1099 2235 Nam

83 2261 216 2342 propter
238 2258 347 2341 verba,
375 2279 456 2341 quae
486 2261 562 2322 sunt
585 2256 655 2340 ‘per
682 2259 772 2321 ouius
799 2259 943 2341 rigorem
970 2264 1100 2339 utroque

82 2344 188 2429 parte'
216 2367 283 2410 non
306 2344 417 2411 debuit
441 2344 555 2410 Schele
582 2345 622 2407 de
650 2345 784 2409 cohorte
811 2345 918 2428 primu
945 2345 1099 2429 cogitare.
1184 2400 1189 2410 .

83 2432 158 2497 Mea
180 2434 339 2497 correctio
362 2435 496 2513 rectum,
519 2431 643 2514 opinor,
668 2453 798 2497 sensum
822 2432 963 2518 exhibet,
986 2433 1099 2500 cohor·

83 2523 135 2583 tes
162 2519 362 2602 legionariae
388 2519 454 2583 nisi
479 2519 673 2583 necessitate
701 2524 837 2604 cogente
865 2543 931 2587 non
961 2526 1037 2587 sunt
1064 2523 1100 2587 in

84 2611 258 2673 retentura.
304 2605 396 2682 Quod
419 2607 460 2671 ad
487 2607 672 2671 litterarum
700 2610 945 2674 similitudinem
973 2611 1100 2694 attinet,

84 2696 242 2781 gaudebo,
265 2697 295 2760 si
318 2696 390 2780 quis
411 2696 629 2761 coniecturam
648 2697 807 2782 attulerit,
830 2720 913 2781 quse
931 2721 1004 2764 mea
1022 2699 1100 2765 faoi-

84 2784 178 2850 cilior
202 2785 378 2869 eademque
400 2784 530 2869 planior
553 2786 605 2850 eit.

175 2914 200 2955 c.
221 2892 271 2956 19.
307 2891 361 2956 ubi
386 2896 416 2955 et
439 2892 704 2974 cucumerarii
732 2897 761 2955 et
786 2892 922 2974 reliquae
944 2895 1098 2975 notiones]

84 2978 123 3043 In
149 2977 181 3043 A
209 2982 260 3043 est
291 2985 320 3044 el
344 2985 632 3062 uperscmactares.
690 2978 747 3045 Bis
785 2985 914 3064 praeter
950 2986 1100 3049 nostrum

84 3069 192 3133 locum
211 3067 323 3133 eadem
340 3067 409 3133 fere
427 3069 516 3133 vocis
534 3069 640 3132 forms
658 3069 694 3133 in
706 3065 832 3153 Hygini
856 3069 940 3136 libro
960 3071 1101 3138 occurrit

85 3177 110 3221 c.
129 3157 172 3221 29
197 3159 230 3220 et
251 3155 304 3220 43.
349 3155 400 3220 Ex
423 3178 449 3221 c.
466 3157 508 3221 29
533 3155 573 3220 ‘si
596 3157 674 3242 quid
697 3157 786 3222 aliud
809 3158 921 3224 datum
943 3160 1043 3224 fucrit
1065 3161 1101 3225 in

85 3297 228 3363 exercitu
248 3318 408 3362 summam
427 3298 621 3364 clerifiem'
641 3298 702 3384 (its
720 3297 765 3383 A)
786 3303 932 3384 apparet,
954 3321 1021 3365 non
1042 3322 1096 3369 uo·

85 3408 160 3451 men
182 3386 351 3470 proprium
374 3387 481 3470 gentis
505 3392 612 3454 certae
636 3387 815 3472 cuiusdam,
838 3389 895 3455 sed
919 3407 1020 3472 genus
1044 3411 1092 3475 cp·

86 3475 279 3556 pellativum
301 3475 432 3560 requiri.
477 3475 624 3544 Eatenus
646 3498 724 3543 curn
742 3476 875 3560 hungis
897 3477 1007 3541 induo.
1039 3475 1096 3535 ὶε
