2452 3824
173 210 196 274 4
573 210 789 271 PRAEFATIO.

172 373 369 440 Areerienus
392 373 494 440 habet
517 375 681 441 latitudine
696 377 813 457 pedum
827 373 930 462 CXX,
953 377 1009 443 sed
1026 399 1098 442 eum
1117 377 1186 460 Hy-

172 465 630 636 ttttttttlptd
647 464 1187 637 tlltttlttdllttd

173 640 378 726 longitudine
393 641 508 724 agitur.
541 640 612 706 Iam
626 638 764 707 Goesius
783 640 819 705 in
832 640 966 727 Antiqq.
981 662 1086 727 egrar.
1105 666 1135 726 p.
1146 643 1189 707 95

171 727 258 793 huno
285 728 495 794 manifestum
518 729 644 795 librarii
675 750 816 795 errorem
840 730 1033 797 emendavit.
1078 730 1189 816 Lange

172 817 303 901 quidem
334 819 369 881 in
402 817 634 883 commentario
667 816 874 902 Hyginienee
907 819 1045 886 editioni
1077 819 1188 885 addito

171 928 201 991 p.
214 905 278 971 105
302 907 465 972 latitudine
487 907 616 993 retinet,
639 906 725 991 quod
748 912 912 973 ocurrunt
935 904 993 992 (A)
1017 909 1122 995 magis
1148 908 1187 972 ad

171 994 377 1060 latitudinem
396 1017 494 1083 quem
509 995 548 1060 ed
563 994 800 1079 longitudinem
813 995 930 1061 referri
943 996 1099 1062 videatur.
1127 995 1189 1061 Sed

171 1105 212 1148 ne
240 1089 406 1149 occurrunt
436 1084 566 1167 quidem
598 1086 684 1147 reete
715 1105 749 1148 se
777 1083 885 1148 habet.
930 1083 1005 1150 Non
1038 1085 1189 1149 absolute

171 1171 235 1237 dioi
256 1175 381 1256 potest:
405 1172 548 1238 tentoria
571 1175 753 1256 occurrunt,
781 1172 911 1238 etiamsi
933 1171 1045 1257 Lange
1067 1174 1088 1237 l.
1107 1194 1132 1238 e.
1156 1173 1189 1236 id

170 1260 265 1326 nobis
288 1261 483 1344 persuadere
508 1261 586 1326 vult
623 1259 744 1345 Recepi
768 1258 969 1344 ‘dommum
993 1282 1189 1345 quamquem

170 1356 327 1434 ocemont,
350 1349 435 1434 quod
459 1350 600 1434 scriptor
623 1349 743 1414 codicis
767 1349 795 1414 B
819 1349 854 1414 in
878 1351 1026 1433 margine
1048 1349 1097 1416 ita
1119 1349 1189 1413 lau·

170 1436 227 1501 det
250 1437 311 1503 ‘Ni
331 1436 510 1521 occupant,
533 1437 568 1503 in
591 1437 699 1500 locum
721 1441 871 1501 nostrum
894 1438 1016 1521 optime
1041 1436 1189 1521 quadrat,

170 1525 226 1589 sed
248 1526 321 1610 ipsa
343 1525 401 1589 illa
422 1528 502 1589 nota
525 1524 714 1610 marginalis
746 1525 826 1589 setis
850 1524 1054 1591 demonstret
1077 1526 1188 1610 genui·

169 1636 246 1678 nam
264 1614 438 1679 lectionem
457 1635 527 1678 esse
543 1611 738 1679 ‘occemund
766 1612 938 1680 Demrrrere
952 1635 1019 1678 non
1033 1615 1189 1678 abhorret

170 1703 211 1766 ab
236 1702 496 1788 agrimensorum
515 1723 673 1786 sermone,
695 1700 807 1787 Lange
826 1702 896 1785 ipse
915 1703 936 1767 l.
951 1723 976 1768 o.
996 1702 1090 1768 affert
1104 1703 1188 1788 Agg.

169 1789 249 1855 Urb.
271 1814 303 1876 p.
321 1792 365 1856 46
389 1789 541 1857 editionis
564 1789 857 1856 Lachmmnianae.

258 1881 407 1963 quonium
433 1881 588 1944 coniuncti
616 1880 758 1959 tendunt]
793 1878 963 1944 Areeriani
992 1879 1189 1964 scripturam

168 1988 238 2034 oum
270 1968 532 2052 oonproeterederot
557 1966 669 2052 Lange
701 1967 736 2033 in
766 1965 853 2031 huno
884 1967 1016 2032 modum
1048 1967 1189 2033 mutavit

168 2076 239 2122 eum
260 2056 535 2140 commoriendum.
572 2053 635 2122 Sed
652 2055 723 2139 ipse
742 2055 924 2140 confitetur,
947 2056 1082 2123 verbum
1102 2077 1189 2121 oom-

169 2144 379 2228 preetendere
403 2166 472 2208 esse
499 2138 553 2208 o‘rrr.
578 2141 764 2229 εἰρημένον.
811 2142 905 2220 Quod
928 2145 997 2209 eius
1020 2145 1189 2210 notionem

169 2233 338 2387 tutu
353 2232 884 2404 {restituetur1102}
898 2233 1190 2405 ulmeto

162 2431 243 2494 prae
266 2409 402 2475 eandem
425 2372 591 2474 notionerin
615 2409 753 2474 localem
771 2409 891 2474 habere
913 2344 1068 2496 (vorlier),
1090 2430 1188 2493 quem

168 2498 271 2563 habet
288 2499 324 2563 in
342 2498 442 2563 verbo
450 2497 702 2581 praeduceudi'?
734 2495 858 2564 Contra
876 2499 1088 2582 praetendere
1102 2496 1188 2580 apud

168 2585 339 2672 Hyginum
364 2586 528 2673 significat
551 2587 587 2650 in
610 2587 773 2652 anteriore
797 2589 980 2652 castrorum
1002 2590 1096 2671 parte
1119 2590 1190 2652 ten·

170 2675 254 2756 dere,
274 2696 356 2760 quae
374 2675 448 2741 inde
462 2679 675 2759 praetenturae
688 2679 833 2759 vocatur,
855 2679 893 2739 ut
905 2674 1075 2740 retendere
1089 2674 1190 2761 sigui-

168 2764 246 2829 fioat
269 2764 303 2828 in
326 2767 493 2829 retentura
511 2764 644 2829 tendere
667 2763 707 2829 of.
721 2767 851 2848 praeter
865 2762 987 2828 multos
1004 2763 1086 2828 elios
1100 2764 1189 2827 locos

169 2874 195 2917 e.
213 2850 257 2917 24
270 2853 313 2918 in.
337 2850 568 2937 ‘praetendunt
590 2852 673 2917 alue'
697 2855 730 2916 et
749 2851 792 2916 25
805 2853 849 2916 in.
872 2850 1057 2916 ‘retendunt
1075 2851 1188 2916 eohor-

168 2944 219 3005 tes
243 2940 429 3025 equitatae'.
469 2940 629 3017 Quoniam
643 2940 796 3025 Hyginus
819 2940 855 3004 in
877 2940 982 3025 primo
1007 2941 1189 3024 capitone

169 3051 231 3114 que
250 3029 289 3092 de
306 3032 517 3113 praetentum
534 3051 640 3114 neque
659 3029 698 3093 de
716 3029 784 3094 ulle
803 3028 867 3092 alia
888 3031 1070 3092 castrorum
1093 3031 1188 3112 parte

166 3117 323 3202 loquitur,
350 3122 462 3204 aperte
488 3117 608 3183 falsum
636 3121 687 3183 est
709 3118 958 3204 conpraedendere
987 3137 1047 3182 nee
1070 3117 1189 3198 minus,

168 3206 202 3270 id
225 3207 310 3290 quod
334 3205 470 3272 Goesius
493 3208 514 3271 l.
533 3227 558 3271 c.
580 3229 612 3290 p.
630 3206 674 3271 95
696 3205 890 3289 postulavit,
918 3210 1024 3270 eontra
1042 3209 1188 3287 praeterr-

167 3296 248 3372 dere,
286 3295 342 3360 sed
369 3294 570 3360 desideretur
597 3296 736 3378 simplex
763 3296 888 3360 medem
938 3293 1002 3358 Sed
1031 3293 1109 3377 quid
1142 3293 1182 3357 de

143 3379 280 3468 litteris
299 3383 592 3448 antecedentibus
606 3384 684 3448 fiet?
729 3381 841 3448 Nexus
869 3383 1106 3447 sententiarum
1138 3402 1187 3446 re·

125 3459 250 3538 qumis,
292 3470 335 3528 nt
367 3468 470 3535 hines
506 3474 679 3541 centurias
720 3495 789 3540 une
821 3471 1014 3555 tetendisse,
1047 3471 1186 3534 alteram
