2452 3824
249 221 359 278 LIBER
377 222 426 276 DE
445 223 712 281 MUNITIONIBUS
732 223 962 281 CASTRORUM.
1070 221 1114 286 23

99 386 215 453 CCXX
233 391 345 469 potest
362 389 529 454 observari
547 388 584 453 in
602 389 849 476 longitudinem,
867 392 905 455 ut
926 386 1115 473 supradixi,

98 477 218 561 pedum
231 473 387 543 DOOXX.
425 475 567 543 Stationi
586 477 657 542 dari
676 480 807 562 oportet
830 477 1006 543 secundum
1023 498 1115 560 prae·

98 566 220 630 torium
242 564 340 649 pedes
357 564 427 646 XX,
451 572 494 652 et,
516 567 546 631 si
567 586 620 632 res
643 567 752 652 erigit,
774 567 873 649 pedes
891 564 922 628 X
944 565 1115 630 sufficient.

103 654 153 718 10.
174 653 259 718 Item
290 655 464 721 comitibus
497 655 705 740 imperatoris
736 656 843 720 nostri
874 677 894 719 a
923 654 1060 740 pedibus
1089 652 1116 718 L

99 766 200 827 usque
237 743 278 808 ad
304 741 396 808 LXX
427 746 538 828 potest
572 743 751 828 observari,
786 742 821 807 in
854 765 918 826 qua
949 739 1210 830 pedalturamea,

98 832 263 915 praefecto
295 833 460 914 praetorio
491 832 596 916 primo
624 833 696 896 loco
726 853 747 895 a
772 832 827 934 ria
856 831 1031 916 principali
1062 831 1142 897 ad-⁶

99 941 225 1072 tt?
237 918 1117 1094 dtat}⁰lttltl⁶¹tlttttttl²ttzt3

100 1096 212 1162 libello
236 1097 444 1162 ostendimus.

192 1185 243 1249 11.
274 1183 352 1249 Aris
379 1185 539 1250 institutis
566 1184 602 1249 in
627 1184 691 1249 fori
722 1188 816 1268 parte
842 1185 911 1249 ima
942 1188 1158 1270 augurato-1⁰

100 1273 186 1338 rium
209 1277 304 1357 parte
327 1273 443 1339 dextra
464 1273 623 1357 praetorii
647 1274 688 1337 ad
711 1273 799 1338 viam
822 1273 1035 1356 principalem
1061 1295 1117 1356 ap

100 1362 262 1446 ponimus,
284 1365 322 1426 ut
344 1362 408 1426 dux
429 1362 465 1426 in
488 1383 526 1426 eo
549 1362 723 1446 augurium
751 1364 839 1426 recte
863 1382 977 1445 capere
998 1363 1119 1445 possit3

101 1452 195 1532 parte
217 1450 311 1515 laeva
331 1450 478 1515 tribunal
502 1451 667 1535 statuitur,
696 1453 734 1515 ut
757 1451 892 1535 augurio
916 1455 1049 1535 accepto
1072 1451 1119 1514 in-

102 1559 199 1621 super
222 1538 377 1604 ascendat
395 1542 428 1603 et
448 1539 625 1605 exercitum
643 1539 732 1604 felici
743 1539 897 1622 auspicio
914 1539 1118 1623 alloquatur.

105 1627 155 1690 12.
177 1626 216 1690 In
238 1627 376 1693 introitu
397 1628 554 1711 praetorii
576 1629 681 1710 partis
705 1627 830 1692 mediae
856 1627 898 1691 ad
921 1628 1008 1692 riam
1030 1628 1159 1710 prin-1⁶

102 1713 242 1796 cipalem
265 1735 396 1799 gromae
418 1716 510 1780 locus
533 1715 727 1799 appellatur,
748 1719 752 1794 Ι
773 1715 1029 1798 quodturbaibi
1043 1725 1214 1797 con-1291)¹

104 1807 215 1886 gruat,
247 1805 315 1868 sive
347 1803 383 1867 in
415 1803 590 1868 dictatione
617 1806 779 1868 metarum
806 1803 915 1886 posito
942 1803 978 1867 in
1006 1803 1119 1868 eodem

103 1893 175 1958 loco
193 1891 393 1957 ferramento
412 1911 529 1977 groma
547 1895 794 1977 superponatur,
812 1892 849 1956 ut
866 1893 981 1976 portae
1000 1895 1121 1957 castro-

103 2003 178 2045 rum
205 1980 240 2044 in
269 1984 445 2064 conspectu
472 1979 593 2065 rigoris
621 1980 752 2046 stellam
780 1980 932 2046 efficiant.
972 1980 1018 2046 Et
1045 2002 1120 2064 pro·

103 2068 245 2132 fossores
269 2069 339 2133 eius
362 2069 443 2134 artis
466 2090 564 2134 causa
587 2090 686 2154 supra
708 2071 831 2153 scripta
850 2069 1024 2154 gromatici
1044 2072 1121 2134 sunt
1134 2085 1161 2125 ²⁰

104 2156 334 2241 cognominati.
381 2157 432 2222 13.
454 2156 537 2223 Viae
559 2158 736 2223 vicinariae
759 2158 833 2222 ideo
852 2157 971 2223 dantur
992 2179 1120 2241 percur-

104 2249 212 2311 rentes
234 2246 381 2331 proxime
404 2247 599 2331 sagularem,
621 2249 660 2310 ut
677 2246 718 2310 ad
736 2245 941 2329 eruptionem
963 2245 1121 2309 exercitus

104 2334 245 2416 expediti
267 2333 420 2418 progredi
442 2335 578 2415 possint.
628 2353 633 2364 ·

196 2427 246 2490 14.
273 2423 369 2488 Nunc
396 2424 624 2504 praetenturae
651 2418 813 2485 rationem
841 2441 1012 2504 exponam.
1057 2419 1122 2485 Via

104 2511 308 2599 principalis,
353 2529 435 2595 quae
472 2512 524 2574 est
559 2509 645 2572 inter
679 2511 792 2592 portas
834 2509 1048 2574 dexteriorem
1089 2511 1162 2573 etse

104 2627 319 2726 illle-cent-
330 2672 348 2720 4
361 2661 543 2735 imperatorii).
562 2662 666 2718 nostris
685 2679 754 2719 corr.
765 2663 849 2719 Halm
911 2671 927 2719 5
942 2665 975 2717 ut
992 2663 1030 2718 ad
1048 2662 1122 2716 LXX

105 2759 176 2800 corr.
190 2741 217 2794 L
289 2742 305 2792 6
323 2740 445 2808 proffi.
464 2751 533 2790 corr.
552 2733 608 2789 sua
678 2735 746 2788 aute
762 2733 933 2806 principalia
951 2749 1022 2791 corr.
1041 2734 1069 2787 L

969 2817 980 2845 Ι

107 2874 122 2921 7
138 2864 263 2920 cohortis
275 2859 471 2933 praebetoriae
485 2875 553 2916 corr.
564 2857 619 2913 su»
654 2857 930 2940 8disponidelibello
945 2856 1122 2929 extendimus

106 2937 193 2992 debet
210 2951 279 2991 corr.
289 2932 317 2988 12
391 2938 424 2986 10
438 2929 510 2985 aeds
525 2945 594 2986 corr.
605 2929 659 2985 Set
717 2945 752 3011 .¹¹¹
769 2928 888 2984 formam
905 2919 995 3000 partis
1012 2928 1087 3011 imae

108 3015 140 3063 11
156 3004 362 3077 praetoriatura
379 3018 448 3059 corr.
465 3001 520 3058 Seli
574 3006 788 3069 12egn0v1mus
806 3001 913 3057 corula
962 3000 1020 3054 din
1038 3016 1074 3054 ne
1093 3000 1123 3053 et

106 3095 175 3136 corr.
191 3076 356 3148 Rutpersius
373 3091 397 3129 v.
416 3072 470 3129 Scis
540 3071 797 3141 preostensam
878 3077 911 3126 13
925 3071 991 3126 leva
1067 3071 1123 3150 sta

105 3148 181 3204 tuito
200 3148 233 3200 ut
287 3151 321 3200 14
336 3142 483 3214 ahospicio
528 3147 562 3197 15
576 3140 723 3197 introitum
777 3144 827 3197 aut
840 3141 916 3197 viam
963 3149 996 3197 lo
1009 3139 1123 3196 turbabr

109 3225 141 3274 17
156 3214 379 3272 dictationeetad
392 3212 498 3284 positio
512 3229 581 3269 corr.
588 3212 741 3269 Salmasius
778 3220 810 3268 19
826 3214 1008 3283 conspectum
1020 3209 1122 3281 rigoris

107 3344 211 3398 stelam
266 3346 300 3396 20
316 3337 499 3409 professiones
572 3335 671 3407 scripti
743 3344 777 3392 22
791 3297 928 3408 iugulatis
947 3351 1016 3392 corr.
1035 3334 1089 3390 Set

108 3414 145 3468 ab
163 3410 341 3483 eruptionem
413 3414 581 3479 capessunt
657 3412 692 3461 24
712 3409 916 3478 praeterituras
935 3423 1003 3465 corr.
1021 3406 1076 3463 Sele

106 3483 192 3539 mam
264 3481 413 3549 aequasse
431 3495 499 3535 corr.
519 3481 601 3537 Pone.
