2484 3878
143 228 185 296 12
541 217 760 283 1111111110.

143 393 257 476 quinta
278 391 399 475 peditis
429 395 462 456 et
489 391 553 456 duo
578 387 676 454 semis
699 390 827 474 equitis.
871 390 955 454 Item
978 392 1048 456 iura
1072 413 1099 457 c.
1117 393 1162 458 26

142 481 282 564 scriptor
314 480 400 545 inter
432 501 466 543 se
496 479 700 564 comparavit
729 476 846 562 pedem
878 479 999 563 peditis
1032 484 1066 546 et
1096 482 1162 548 duo

142 571 239 633 semia
268 568 402 652 equitis,
432 588 509 633 nam
536 586 621 632 nunc
648 567 686 631 de
714 566 897 655 redigendis
926 569 1092 652 equitibus
1119 572 1160 636 ad

140 658 266 741 pedites
286 658 404 742 agitur,
423 659 456 720 et
470 657 637 740 proportio
651 656 737 720 inter
751 677 807 721 eos
822 660 872 721 est
892 658 985 741 121}
1000 692 1042 706 -
1057 660 1163 742 1113,

142 743 178 810 0.
196 746 240 811 25
262 747 364 830 igitur
386 746 494 828 portio
517 745 652 829 peditis,
680 745 786 829 qualis
808 765 843 810 re
866 765 945 810 vera
967 751 1030 832 est,
1061 749 1161 814 nobis

141 834 181 899 ab
205 835 315 899 oculos
338 835 480 918 ponitur,
503 854 529 898 o.
543 834 585 898 26
601 832 707 918 qualis
727 833 900 916 aptissima
914 838 963 899 est
977 836 1012 900 in
1026 856 1156 921 compu-

139 924 265 988 tatione
284 924 438 1006 equiturn.
467 921 538 986 Iam
557 922 710 1005 suspicer,
729 921 872 1006 aliquem
890 923 975 988 hanc
995 922 1156 1008 duplicem

139 1012 394 1095 proportionem,
417 1012 569 1094 quoniam
590 1030 658 1074 non
675 1010 899 1095 intellexisset,
922 1012 957 1076 in
975 1012 1158 1097 simplicem

90 1173 92 1177 ⁸
140 1100 318 1164 mutavisse
336 1098 502 1164 adnotatis
520 1099 639 1182 verbis,
652 1099 736 1164 unde
751 1099 917 1165 exordium
931 1100 1076 1187 fecimus,
1092 1101 1159 1168 ‘an-

139 1188 226 1252 iecta
247 1187 382 1272 quinta'.
426 1184 487 1253 Sed
509 1188 614 1252 textui
636 1188 701 1271 ipsi
723 1208 857 1252 manum
880 1188 1054 1254 admovere
1077 1210 1158 1256 non-

140 1276 216 1341 dum
232 1277 386 1359 sustinui,
401 1278 481 1341 satis
495 1275 609 1360 habui,
629 1277 745 1360 quibus
761 1277 947 1360 offenderer,
962 1280 1157 1361 exposuisse.

229 1365 326 1430 121.
362 1365 467 1429 Habet
491 1366 593 1443 itaque
620 1365 725 1430 cohors
757 1366 894 1446 equitata
920 1366 1064 1432 miliaria
1089 1385 1157 1434 cca·

141 1454 241 1518 tracias
264 1452 301 1517 X
315 1454 465 1536 peditam,
486 1455 623 1535 equitum
645 1449 759 1519 OOXL
782 1459 902 1518 turmas
922 1450 974 1534 X]
1002 1454 1034 1517 A
1056 1455 1157 1521 habet

139 1543 273 1623 aequites
298 1542 362 1624 ped
384 1538 500 1607 00111
528 1547 648 1607 turmas
772 1540 818 1607 Ut
848 1540 996 1607 ultimam
1019 1542 1156 1606 eiciendi

138 1630 299 1695 rationem
321 1630 473 1714 vitarem,
499 1631 688 1714 transposui
710 1633 780 1713 ped.
803 1631 960 1714 aequitem
983 1634 1017 1695 et
1040 1631 1157 1714 geniti-

138 1738 198 1783 vos
220 1738 323 1802 posui.

227 1805 343 1873 Cohors
364 1809 500 1890 equitata
521 1810 728 1889 quingenariae
748 1807 838 1872 habat
854 1807 1009 1873 centurias
1024 1807 1084 1891 VI,
1106 1826 1155 1874 re-

139 1897 223 1974 liqua
239 1915 300 1977 pro
317 1901 409 1977 parte
426 1897 571 1976 dimidia]
596 1894 707 1979 Lange
725 1896 866 1961 inseruit
882 1899 959 1980 post
979 1894 1154 1962 ‘centurias

140 1982 205 2047 VI'
230 1989 349 2048 turmas
368 1982 420 2048 VI
422 2032 431 2067 ,
459 1983 514 2048 sed
537 1983 614 2067 quid
637 1986 708 2048 tum
732 1984 795 2047 sibi
819 1985 889 2049 vult
912 1985 1074 2049 adiectum
1098 1985 1156 2052 ‘re
1236 1990 1239 1995 ’

138 2072 228 2155 liqua
249 2092 309 2154 pro
332 2073 426 2154 parte
449 2070 604 2136 dimidia'.
649 2070 797 2155 Accedit,
821 2073 919 2155 quod,
943 2074 972 2137 si
993 2072 1156 2157 Largium

140 2159 318 2244 sequimur,
350 2160 559 2225 statuendum
591 2160 666 2243 erit,
697 2161 732 2224 in
759 2164 869 2223 turma
897 2162 968 2226 alae
994 2162 1156 2228 miliarias

139 2247 258 2332 XXIV,
282 2249 316 2312 in
339 2253 448 2314 turma
471 2249 540 2314 alae
564 2249 794 2333 quingenariae
813 2247 875 2312 XX
899 2252 1024 2333 equites
1046 2250 1156 2318 fuisse.

229 2359 254 2401 c.
273 2337 316 2401 29
340 2338 383 2401 in.
398 2338 522 2403 correxi
544 2339 755 2403 taratantara
771 2342 943 2419 parcuntur.
979 2337 1090 2422 Lange
1108 2360 1156 2403 ra·
1229 2342 1232 2349 '

138 2425 238 2489 tinuit
259 2427 408 2507 parcimus
440 2430 473 2490 et
504 2448 535 2509 p.
557 2427 619 2494 181
649 2426 739 2491 addit
767 2425 974 2511 ‘quamquam
1005 2427 1155 2492 nationes

141 2513 343 2578 accusativus
368 2517 431 2598 est,
458 2514 611 2580 liberiore
633 2519 744 2580 tamen
767 2515 985 2599 appositionis
1009 2519 1155 2581 constru-

138 2603 245 2667 ctione
276 2603 410 2667 nomina
445 2603 592 2687 gentium
624 2604 657 2667 in
689 2603 891 2669 nominativo
919 2602 1029 2686 posita
1056 2603 1154 2671 sunt'.

138 2690 226 2755 Num
250 2711 445 2775 quemquam
468 2692 603 2774 invenit,
626 2692 682 2775 qui
705 2692 735 2756 ei
757 2691 855 2756 fidem
878 2690 1016 2755 habuit?

227 2800 253 2844 a
271 2781 323 2844 30.
354 2781 513 2845 vexillarii
535 2777 687 2860 010110]
715 2780 762 2844 ita
785 2779 829 2863 A,
857 2778 972 2844 Schola
996 2784 1029 2844 et
1042 2779 1155 2866 Lange

139 2872 348 2933 correxerunt
370 2865 482 2952 0101),
506 2867 684 2934 Salmasius
708 2865 903 2951 OIODCOO,
928 2867 1014 2951 quod
1032 2872 1154 2934 utrum-

138 2975 199 3039 que
222 2956 352 3021 falsum.
366 2960 425 3023 est.
469 2957 581 3041 Lange
603 2978 633 3040 p.
654 2956 718 3021 182
746 2954 842 3021 docet
868 2955 1026 3022 ‘videmus
1054 2958 1155 3043 igitur

137 3044 173 3108 in
201 3045 343 3109 exercitu
369 3045 495 3131 Hygini
527 3044 665 3131 singulis
692 3044 878 3129 legionibus
907 3044 936 3109 D
967 3046 1154 3112 vexillarios

139 3132 267 3198 additos
291 3133 382 3198 esse'.
414 3133 478 3200 Sed
496 3134 581 3200 unde
600 3134 788 3199 videamus?
817 3133 970 3219 Hyginus
993 3154 1154 3218 nusquam

138 3221 177 3286 de
199 3243 334 3287 numero
362 3223 606 3288 vexillariorum
633 3222 769 3307 legionis
796 3222 954 3307 loquitur,
980 3223 1045 3288 nisi
1067 3224 1154 3308 quod

138 3311 204 3376 c.5
227 3311 270 3376 in.
294 3332 350 3376 eos
374 3312 414 3376 ad
444 3315 652 3377 sexcentenus
680 3310 828 3376 homines
856 3312 1037 3395 computari
1065 3312 1152 3376 dicit.

138 3400 202 3464 17
227 3404 460 3484 comparantur
486 3401 571 3465 inter
600 3421 635 3464 se
657 3400 832 3483 vexillarii,
863 3400 979 3465 cohors
1006 3398 1154 3483 peditata

127 3488 360 3572 quingenariae,
392 3488 510 3554 cohors
533 3487 714 3574 legionaria
741 3493 774 3553 et
797 3492 933 3573 apparet
959 3509 998 3552 ex
1021 3507 1058 3553 eo
1082 3488 1152 3555 loco
