2452 3824
89 129 132 193 26
535 124 668 180 HYGINI

89 295 157 374 tur,
189 290 306 375 quibus
334 289 484 354 cohortes
511 288 704 373 praetoriae.
750 285 854 371 Super
880 308 961 372 quos
991 287 1113 355 cohors

89 378 236 463 pediteta
254 379 467 463 quingenario,
484 379 536 443 vel
556 378 711 462 equitata,
729 379 826 460 prout
843 376 965 460 strigae
984 378 1114 463 magni-

89 467 169 532 tudo
202 466 315 551 fuerit,
346 469 424 551 poni
455 465 596 532 debebit.
654 464 700 529 'Et
726 487 785 549 per
810 464 953 550 reliquas
986 466 1113 551 strigas

91 555 241 620 cohortes
267 556 432 639 peditatae
460 557 513 621 vel
541 554 705 640 equitatae
733 553 773 617 ed
800 553 888 619 viam
916 553 1114 636 quintanam

64 647 240 728 ⁵spectarc
262 645 438 728 debebunt,
467 644 524 709 ubi
551 648 585 709 et
608 641 881 727 supernumerarii
909 644 942 704 ct
964 641 1114 728 reliquae

0 754 79 818 cnal
92 733 241 798 nationes
262 736 268 813 Ι
286 733 419 798 tendere
442 732 620 815 debebunt3
643 735 677 797 et
698 731 747 795 ita
764 731 833 815 fiet,
854 733 893 794 ut
910 730 1001 795 omni
1019 735 1114 815 parte

91 821 240 887 nationes
264 844 362 906 supra
385 821 525 905 scriptae
549 820 785 885 contineantur.
821 852 824 857 ·

181 910 235 977 20.
257 908 340 974 Viae
354 910 538 994 segolenae
552 908 646 973 XXX
658 907 756 992 pedes
776 907 953 991 sufficient3
977 907 1008 972 si
1023 909 1114 994 quin·

93 1019 155 1081 que
183 999 329 1082 legiones
361 997 497 1082 fuerint,
532 996 589 1061 XL
617 995 715 1080 pedes
747 995 930 1061 latitudinis
963 997 1114 1082 accipere

53 1104 79 1144 1o
93 1085 232 1152 debebit.
284 1084 422 1152 Scholac
453 1086 636 1152 cohortium
667 1085 851 1169 principiis,
887 1084 944 1149 ubi
976 1106 1114 1151 munera

92 1174 262 1259 legionum
285 1175 446 1260 dicuntur,
468 1176 503 1240 in
527 1195 660 1240 scamno
680 1175 863 1259 legatorum
883 1175 1000 1238 contra
1023 1175 1114 1260 aqui·

93 1262 161 1327 lam
184 1263 255 1327 dari
277 1264 405 1328 debent.

183 1352 236 1416 21.
269 1347 400 1432 Castra,
433 1351 468 1415 in
497 1353 654 1435 quantum
685 1349 757 1414 fieri
788 1350 946 1433 potuerit,
976 1352 1116 1418 tertiata

95 1458 166 1502 csse
190 1437 363 1521 debebunt,
385 1441 422 1502 ut
445 1439 542 1503 flatus
557 1460 663 1503 aurae
687 1441 796 1502 aestus
820 1439 980 1504 exercitus
1002 1440 1115 1506 leniat.

55 1543 81 1584 15
94 1525 167 1591 Hoc
185 1527 250 1591 dixi
269 1528 416 1610 tertiata,
434 1530 553 1611 utputa
571 1528 703 1612 longum
729 1525 826 1611 pedes
850 1524 1114 1613 0100100000,

94 1615 199 1680 latum
222 1616 320 1700 pedes
342 1613 480 1685 OIODO.
522 1613 558 1681 si
580 1615 731 1701 longiora
752 1615 883 1699 fuerint,
906 1615 1045 1682 classica
1068 1617 1115 1683 di·

0 1723 83 1790 eia,
96 1708 209 1769 centur
231 1727 291 1770 nec
309 1706 461 1770 bucinum
478 1705 514 1769 in
531 1705 674 1770 tumultu
693 1704 734 1768 ad
754 1707 885 1788 portam
903 1700 1117 1791 decilmanem

94 1791 191 1856 facile
222 1795 366 1876 potuerit
398 1793 555 1876 exaudiri3
593 1793 620 1856 si
648 1792 767 1858 latiora
798 1791 934 1877 fuerint,
965 1795 1117 1878 proxime

95 1880 328 1963 quadraturam
350 1903 487 1965 sequens
511 1883 562 1945 est
584 1879 727 1945 dictatio.

56 1988 83 2029 ro
185 1968 239 2032 22.
271 1967 436 2044 Quantum
454 1969 573 2033 attinet
590 1968 631 2032 ed
649 1989 702 2052 ea,
724 1990 807 2052 quae
827 1971 905 2034 sunt
922 1973 1117 2052 necessaria,

96 2056 176 2120 satis
199 2059 280 2140 puto
304 2056 478 2143 diligenter
506 2056 693 2139 retulimus,
725 2061 771 2141 et,
803 2057 831 2121 si
859 2079 941 2143 quae
968 2061 1117 2126 rationes

96 2144 203 2210 adhuc
229 2145 365 2230 fuerint,
397 2146 611 2230 necessariae,
644 2167 702 2210 suo
728 2145 868 2211 referam
890 2147 973 2213 loco.
1019 2146 1117 2214 Prac-

95 2236 187 2297 terea
210 2235 427 2300 munitionem
446 2239 628 2300 castrorum
652 2237 685 2298 et
703 2234 766 2299 soli
785 2234 977 2300 electionem
996 2236 1032 2301 in
1052 2242 1117 2303 sta·

80 2322 217 2385 ‘tuenda
240 2324 417 2388 metatione
440 2327 473 2388 et
492 2328 596 2388 artem
613 2322 804 2407 iniquitates
823 2323 970 2388 locorum
988 2325 1117 2392 vitandi

97 2553 114 2601 2
128 2546 273 2616 aequitate
326 2549 413 2619 strige
468 2556 486 2604 4
502 2549 611 2604 cohorti
625 2549 753 2620 peditatc
767 2548 813 2603 vel
827 2547 970 2618 aequitate
984 2550 1119 2610 coarat

97 2620 160 2672 tut
178 2622 434 2689 supersumacteres
506 2619 609 2690 reliqui
681 2623 740 2676 'let
758 2619 963 2701 suppascribtas
982 2622 1119 2680 corase

97 2693 199 2757 Squac
219 2690 380 2760 angulariae
400 2707 468 2746 corr.
484 2690 537 2748 Set
610 2690 732 2745 sufficiet
795 2687 932 2748 s1'om.A.
988 2691 1118 2776 91111111-

97 2811 178 2866 dines
198 2845 231 2854 -
250 2813 394 2868 debebunt
412 2831 480 2870 corr.
500 2814 554 2871 sa
626 2820 660 2870 10
681 2813 806 2869 cohortis
828 2812 927 2884 primis
1000 2767 1120 2872 mulidrh

96 2895 237 2993 diduntur.
276 2989 278 2993 ,
310 2943 343 2993 11
360 2936 501 2994 iniscenni
518 2937 728 2995 1111111811
796 2938 1085 2996 1211111111.Βὼ

98 3049 132 3098 14
146 3044 293 3098 auraestus
307 3045 414 3101 corr.L
484 3043 593 3098 laeniet
665 3049 698 3099 15
712 3022 748 3099 h⁰o
768 3041 827 3098 dixi
844 3043 930 3098 tertia
997 3032 1119 3103 flocco

133 3121 167 3170 16
187 3113 278 3170 coDO
336 3114 422 3170 fuerit
484 3122 516 3170 17
536 3131 571 3170 ne
589 3113 723 3169 bucinum
741 3131 810 3171 corr.
818 3115 852 3168 L.
925 3115 1083 3171 tumultum

98 3185 302 3240 decimandam
375 3191 408 3241 18
427 3183 513 3240 latir
584 3183 729 3255 proximae
749 3185 935 3255 quadraturae
954 3203 1023 3242 corr.
1039 3187 1069 3242 L

97 3261 130 3310 21
149 3255 310 3312 rettulimus
382 3273 435 3325 que
453 3202 578 3310 raliones
597 3255 681 3310 athuc
754 3263 787 3312 23
802 3255 954 3312 lectionem
972 3252 1118 3327 coerce,

87 3328 205 3382 adacter
224 3327 256 3380 in
344 3333 380 3382 24
398 3325 706 3383 statuendaetationem
729 3344 798 3385 corr.
817 3327 872 3384 so
951 3326 1022 3383 item
1046 3344 1116 3386 corr.

69 3390 131 3445 Seh
204 3397 275 3452 loco
296 3397 422 3455 vitiandi
444 3417 516 3458 corr.
538 3399 592 3457 Solo
